1887 2901
652 153 785 181 cnm·
814 155 855 180 n.
887 143 907 189 ἓ
936 142 1040 180 2-5
1527 136 1579 175 67

107 229 165 272 sic
193 241 252 280 ea,
283 240 386 283 quae
416 228 516 271 bene
548 228 712 270 inventa
741 230 849 278 sunt,
882 227 984 268 utile
1014 227 1141 280 sequi.
1165 227 1299 279 Atque
1321 223 1452 266 omnis
1473 222 1579 263 vitae

109 294 211 336 ratio
240 294 298 336 sic
328 295 498 343 constat,
529 294 576 334 ut
605 305 708 345 quae
739 292 956 346 probamus
994 292 1035 332 in
1080 291 1174 331 aliis
1215 290 1343 330 facere
1374 287 1450 341 ipsi
1482 285 1581 327 veli-

104 371 210 413 mus.
242 357 308 399 Sic
337 357 570 398 litterarum
616 356 774 405 ductus,
806 358 853 396 ut
882 354 1082 396 scribendi
1123 355 1194 394 fiat
1235 365 1345 402 usus,
1376 351 1489 404 pueri
1521 362 1582 390 sc-

107 423 312 476 quuntur;
343 422 402 463 sic
433 422 578 463 musici
613 433 745 462 vocem
778 420 1023 469 docentium,
1054 419 1227 472 pictores
1249 429 1367 470 opera
1388 416 1580 469 priorum,

108 486 249 528 rustici
279 486 490 540 probatam
513 486 784 539 experimento
806 485 1009 525 culturam
1032 484 1072 524 in
1095 483 1323 535 exemplum
1346 480 1579 527 intuentum

107 551 238 593 omnis
266 550 440 603 denique
472 550 712 603 disciplinae
744 549 862 590 initia
893 548 943 589 ad
975 549 1224 601 propositum
1269 546 1346 587 sibi
1388 543 1581 598 praescri-

109 618 222 670 ptum
254 615 417 656 formari
451 615 647 656 videmus.
680 614 732 655 Et
762 613 924 654 hercule
957 625 1113 654 necesse
1135 615 1195 653 est
1223 613 1294 652 aut
1324 609 1479 650 similes
1510 609 1582 648 aut

107 679 329 722 dissimiles
352 680 465 721 bonis
486 680 627 720 simus.
651 678 837 720 Similem
860 690 948 718 raro
970 679 1115 718 natura
1137 678 1327 730 praestat,
1353 673 1582 726 frequenter

109 745 303 786 imitatio.
335 743 412 785 Sed
445 745 516 785 hoc
548 744 696 797 ipsum,
728 742 832 796 quod
864 746 976 783 tanto
1007 741 1229 782 faciliorem
1254 740 1367 780 nobis
1385 737 1578 778 rationem

108 821 242 850 rerum
273 800 455 849 omnium
489 808 587 849 facit
617 820 738 860 quarn
771 807 851 848 fuit
871 807 935 855 iis,
954 807 1022 859 qui
1047 806 1150 846 nihil
1183 804 1287 858 quod
1318 802 1580 856 sequerentur

108 875 352 923 habuerunt,
384 874 460 914 nisi
495 875 611 914 caute
642 875 681 913 et
712 885 804 913 cum
836 872 988 912 iudicio
1018 869 1347 923 adprehenditur,
1379 868 1504 907 nocet.

164 940 269 980 Ante
299 938 433 979 omnia
464 938 592 992 igitur
622 936 800 977 imitatio
830 949 899 989 per
929 949 969 977 se
991 936 1078 989 ipsa
1099 947 1174 976 non
1198 934 1363 980 sufficit,
1396 932 1455 972 vel
1485 930 1581 982 quia

110 1003 215 1059 pigri
245 1005 306 1044 est
335 1002 485 1056 ingenii
520 1004 753 1043 contentum
776 1014 859 1042 esse
881 1002 945 1049 iis,
968 1012 1070 1053 quae
1099 1000 1181 1040 sint
1210 999 1260 1039 ab
1290 998 1384 1038 aliis
1404 996 1578 1037 inventa.

109 1067 216 1120 Quid
238 1067 356 1125 *enim
389 1067 573 1107 futurum
605 1068 692 1108 erat
736 1066 984 1119 temporibus
1017 1065 1115 1113 illis,
1147 1076 1249 1117 quae
1285 1064 1370 1104 sine
1401 1059 1580 1113 exemplo

112 1132 290 1179 fuerunt,
320 1131 355 1172 si
388 1131 570 1172 homines
600 1131 719 1180 nihil,
751 1131 829 1171 nisi
861 1130 967 1183 quod
998 1131 1078 1170 iam
1111 1129 1400 1183 cognovissent,
1432 1124 1580 1166 facien-

109 1196 207 1237 dum
237 1195 316 1237 sibi
347 1198 419 1236 aut
449 1194 710 1250 cogitandum
755 1195 993 1248 putassent?
1025 1194 1179 1247 Nempe
1211 1192 1316 1233 nihil
1347 1191 1490 1232 fuisset
1518 1190 1581 1230 in-

110 1261 287 1302 ventum.
318 1260 400 1302 Cur
430 1260 560 1315 igitur
604 1259 714 1301 nefas
759 1261 819 1300 est
865 1259 1026 1312 reperiri
1076 1257 1231 1311 aliquid
1265 1270 1287 1297 a
1317 1256 1444 1305 nobis,
1476 1254 1580 1308 quod

109 1328 200 1367 ante
232 1338 306 1366 non
340 1325 491 1366 fuerit?
524 1328 584 1365 An
616 1324 679 1365 illi
722 1324 842 1365 rudes
873 1324 955 1365 sola
989 1324 1135 1364 mentis
1166 1325 1309 1363 natura
1341 1321 1451 1362 ducti
1487 1321 1582 1361 sunt

111 1392 150 1432 in
182 1391 268 1436 hoc,
301 1392 346 1431 ut
376 1392 457 1431 tam
492 1390 623 1430 multa
653 1392 912 1443 generarent:
945 1401 1013 1429 nos
1045 1388 1093 1429 ad
1126 1387 1399 1440 quaerendum
1431 1397 1504 1426 non
1537 1397 1581 1425 eo

109 1455 194 1510 ipso
215 1454 475 1504 concitemur,
508 1453 615 1507 quod
650 1455 756 1494 certe
789 1454 940 1494 scimus
972 1453 1170 1494 invenisse
1201 1464 1277 1500 eos,
1301 1451 1367 1504 qui
1403 1450 1580 1503 quaesie-

109 1642 146 1677 2.
173 1643 268 1675 ratio
292 1647 441 1679 constat.
465 1641 529 1675 cfr.
556 1641 637 1674 Tac.
665 1642 759 1673 Ann.
796 1640 819 1680 I,
843 1641 882 1673 (ἦε
920 1642 1013 1674 ratio
1038 1647 1181 1674 constet.
1207 1659 1249 1665 —
1274 1641 1335 1680 sic,
1361 1645 1411 1679 ut,
1437 1638 1494 1671 ‘in
1526 1638 1581 1672 oio

109 1687 231 1722 che...
255 1706 298 1712 —
325 1687 535 1721 litterarum
559 1687 724 1720 ductus...
750 1686 996 1730 &quantuni
1023 1685 1183 1718 fanciulli
1208 1684 1320 1718 anche
1344 1684 1377 1717 al
1405 1689 1520 1728 tempo
1545 1683 1578 1716 di

108 1731 327 1773 Quintiliano
351 1731 516 1766 solevano
535 1731 733 1765 esereitarsi
751 1742 768 1764 a
787 1733 951 1769 scrivere,
967 1741 1066 1764 come
1083 1741 1154 1769 ora,
1173 1729 1396 1763 conducendo
1416 1728 1448 1762 la
1467 1739 1579 1772 penna

108 1789 149 1811 su
174 1782 248 1811 aste
273 1787 292 1810 e
319 1778 440 1810 lettere
465 1775 701 1810 dell'alfabeto
728 1777 894 1810 tracciate
920 1777 955 1809 in
980 1775 1108 1809 diversi
1126 1775 1237 1811 modi:
1255 1775 1318 1807 cfr.
1337 1774 1361 1813 1,
1377 1774 1409 1815 1,
1434 1774 1580 1817 25sgg„

109 1821 197 1856 dove
221 1821 334 1854 anche
359 1822 377 1855 e
402 1820 482 1854 data
499 1824 535 1863 (ἓ
556 1821 612 1862 27)
637 1832 706 1854 una
732 1821 850 1865 regola
876 1821 1014 1854 intorno
1039 1832 1056 1853 a
1081 1825 1212 1854 cotesto
1229 1819 1403 1853 esercizio.
1425 1839 1460 1843 —
1482 1829 1581 1857 usus.

110 1871 119 1886 ⁶
134 1866 167 1900 la
185 1867 318 1910 pratica
334 1868 355 1904 ',
372 1876 470 1900 come
487 1876 605 1910 spesso
625 1865 659 1898 in
677 1865 845 1900 Cicerone
870 1872 914 1900 (v.
931 1868 974 1900 de
991 1864 1091 1898 Orat.
1111 1865 1133 1903 l,
1151 1865 1252 1905 4,15;
1271 1864 1383 1898 Acad.
1400 1862 1440 1903 11,
1461 1863 1489 1903 1,
1502 1863 1580 1904 2...).

112 1931 152 1936 ——
174 1913 456 1955 praescriptum,
481 1911 684 1949 sostantivo,
710 1911 890 1955 frequente
917 1912 951 1943 in
976 1909 1204 1951 Quintiliano.
1230 1908 1581 1948 —initia,l'ast1·att0

111 1955 207 2001 peril
227 1960 401 1994 concreto,
419 1956 460 1988 da
485 1966 692 1989 conservare
719 1958 800 1999 pero
825 1956 936 1989 {xm-he
962 1955 997 1988 in
1015 1955 1226 1988 italiano.—
1245 1955 1355 1993 bonis,
1369 1953 1581 1987 traducendo

110 2001 302 2045 aggiungi:
331 2013 347 2032 «
363 2000 502 2034 modelli
518 2015 533 2032 ,π
561 2012 580 2033 0
607 2000 823 2044 «esemplari
839 2013 868 2032 ».
884 2020 926 2025 —
950 2000 1119 2039 similem,
1144 1999 1229 2038 cioe,
1254 1999 1288 2032 di
1313 1998 1439 2032 riuscir
1462 1997 1580 2032 simili.

111 2065 154 2072 —
201 2047 235 2080 3.
261 2045 327 2079 hoc
343 2047 473 2089 ipsum,
500 2045 672 2078 l'imitare.
689 2065 725 2068 —
748 2051 846 2079 tanco
863 2046 1102 2088 faciliorem...
1120 2056 1244 2089 quam,
1262 2043 1329 2078 cosi
1357 2047 1379 2085 ἓ
1403 2043 1462 2076 28;
1482 2049 1581 2076 tanto

109 2090 257 2134 plura...
283 2100 413 2135 quam;
439 2090 473 2123 in
488 2090 660 2123 entrambi
688 2090 696 2122 i
724 2090 844 2134 luoghi
871 2096 970 2124 tanto
994 2101 1096 2124 senza
1109 2089 1384 2123 correlativo.-
1402 2090 1581 2122 rationem

111 2147 239 2170 rerum
264 2137 440 2174 omnium,
465 2134 488 2167 il
508 2134 608 2169 modo
632 2134 666 2167 di
692 2135 854 2168 condursi
884 2135 917 2168 in
944 2140 1032 2168 tutte
1058 2135 1089 2169 le
1118 2134 1342 2168 circostanze.
1366 2153 1409 2158 —
1435 2134 1581 2171 iudicio,

112 2181 177 2214 cfr.
206 2179 234 2219 ¹,
257 2180 325 2214 8n.
341 2199 382 2205 —
407 2180 710 2223 adprehenditur,
736 2180 791 2214 nel
817 2191 918 2214 senso
943 2180 976 2213 di
1001 2180 1210 2213 adhibetur:
1239 2179 1263 2212 il
1288 2183 1449 2222 soggetto
1473 2178 1491 2212 e
1517 2178 1582 2212 hoc

113 2237 243 2270 Zpsufti.

155 2270 192 2304 4.
217 2276 302 2303 ante
325 2271 460 2309 omnia,
486 2268 632 2303 formola
659 2269 886 2304 introduttiva
911 2269 1099 2314 adoperata
1123 2269 1157 2302 di
1183 2269 1285 2303 solito
1303 2268 1442 2313 quando
1461 2268 1581 2312 l'argo-

112 2319 228 2349 mento
253 2314 286 2348 di
313 2315 367 2348 cui
394 2314 423 2347 si
448 2314 581 2348 discute
605 2314 624 2347 e
650 2318 793 2349 trattato
817 2320 908 2349 sotto
933 2314 1021 2348 varii
1048 2314 1146 2359 punti
1172 2314 1206 2346 di
1225 2313 1330 2356 vista;
1359 2313 1582 2357 corrisponde

111 2371 132 2394 a
156 2359 271 2404 quella
299 2359 356 2403 piu
384 2360 564 2404 frequente
588 2370 630 2392 ac
649 2361 819 2403 primum
854 2360 1012 2410 quidem.
1038 2378 1081 2385 —-
1118 2360 1187 2399 vel,
1224 2359 1404 2392 avverbio:
1441 2357 1582 2392 ‘massi-

111 2405 308 2438 mamente'
334 2415 354 2438 o
379 2410 386 2422 ⁴
401 2404 650 2449 specialniente
666 2404 684 2437 “.
705 2405 795 2438 Altri
820 2416 941 2449 spiega
965 2417 982 2437 ‹
997 2409 1192 2448 appunto».
1215 2425 1251 2428 —
1279 2414 1416 2447 nempe,
1430 2413 1438 2421 ·
1454 2408 1548 2437 certo
1563 2403 1582 2442 ’,

111 2449 211 2495 quasi
229 2460 293 2483 con
320 2449 437 2484 valore
454 2449 488 2482 di
507 2448 770 2483 esclamazione.
797 2470 839 2474 —
874 2451 908 2484 5.
936 2462 983 2482 an
1011 2450 1118 2489 elli...,
1141 2449 1175 2482 di
1201 2453 1323 2492 questa
1342 2449 1451 2482 forma
1465 2448 1498 2481 di
1517 2448 1580 2482 do-

111 2495 240 2528 manda
266 2495 414 2528 retorica
433 2499 531 2527 usata
551 2493 643 2527 nella
667 2495 836 2528 cosidetta
854 2495 1162 2539 argomentazione
1182 2505 1203 2526 a
1230 2495 1370 2527 minore
1386 2494 1435 2526 ad
1454 2495 1583 2532 maius,

111 2551 133 2575 o
149 2551 171 2572 α
186 2541 346 2584 fortiori,
371 2539 459 2573 trovi
480 2550 524 2572 un
550 2538 640 2572 altro
665 2540 818 2584 esempio
843 2541 874 2579 3,
898 2540 952 2572 29.
968 2559 1010 2565 -
1026 2540 1146 2578 rudes,
1171 2550 1235 2572 ‹e-on
1265 2538 1484 2572 riferimento
1513 2537 1584 2571 alle

112 2583 231 2629 parole
247 2583 313 2618 che
331 2584 536 2629 precedon0‚
549 2587 571 2626 ἓ
595 2583 615 2615 4
631 2595 637 2615 :
664 2585 886 2628 temporibus
911 2585 998 2623 illis,
1023 2595 1116 2629 quae
1132 2586 1209 2617 sine
1225 2584 1390 2627 exemplo
1408 2585 1584 2625 fuerunt,-

112 2629 132 2664 ὁ
163 2630 200 2664 in
229 2629 557 2674 contrapposizione
581 2640 601 2662 a
627 2640 700 2663 nos.
726 2649 767 2654 —
793 2632 923 2664 mentis
948 2635 1097 2669 natura,
1123 2635 1131 2647 ‘
1150 2629 1302 2673 ingegno
1327 2627 1488 2662 naturaie
1507 2628 1524 2660 ’.
1542 2647 1583 2653 -

1603 235 1625 267 2

1603 1263 1626 1297 01
