1887 2901
590 16 594 23 “
621 19 624 23 ”
686 28 690 45 1

640 115 772 143 meu-1·
799 116 842 143 11.
872 103 894 149 ,8
923 102 973 139 ‘20
984 101 1081 143 —22
1539 104 1591 142 '73

120 189 203 231 ciat
230 189 542 231 aut-diversitas
572 194 782 243 repugnet.
817 190 887 238 Ne,
917 191 981 231 cui
1005 193 1125 231 tenue
1156 189 1365 241 ingenium
1393 192 1483 232 erit.
1506 190 1591 231 sola

123 256 220 296 velit
249 256 368 297 fortia
397 262 438 296 et
466 256 650 308 abrupta,
682 255 745 296 cui
770 255 870 296 forte
891 254 1070 307 quidem,
1091 255 1159 295 sed
1177 255 1435 304 indomitum,
1457 268 1590 296 amore

119 319 364 360 subtilitatis
407 322 448 360 et
491 320 572 360 vim
619 332 733 361 suam
779 318 921 372 perdat
950 320 992 359 et
1017 319 1278 373 elegantiam,
1311 331 1432 371 quam
1464 319 1590 372 cupit,

119 395 194 424 non
230 385 511 436 persequatur:
558 384 661 424 nihil
707 387 767 425 est
812 383 920 424 enim
967 385 1050 424 tam
1096 382 1298 430 indecens,
1329 395 1450 436 quam
1497 396 1588 424 cum

121 447 260 489 mollia
290 448 388 489 dure
419 448 534 489 fiunt.
567 450 700 502 Atque
741 461 813 502 ego
857 448 919 488 illi
964 448 1225 501 praeceptori,
1256 460 1375 500 quem
1408 448 1621 489 institue*

118 524 203 552 ram
234 512 275 553 in
308 512 411 553 libro
454 513 640 561 seeundo,
672 512 822 553 credidi
870 524 945 552 non
991 524 1038 552 ea
1077 511 1162 552 sola
1206 511 1382 553 docenda
1413 524 1509 561 esse,
1542 512 1590 553 ad

119 589 220 629 quae
249 589 450 630 quemque
482 577 773 630 discipulorum
805 579 949 617 natura
979 577 1245 629 compositum
1278 576 1455 624 vide1·et;
1497 589 1588 617 nam

118 641 151 681 is
180 643 222 682 et
250 641 440 683 adiuvare
472 643 590 683 debet.
620 654 722 695 quae
754 642 795 682 in
827 653 987 694 quoque
1019 653 1156 682 eorum
1189 641 1347 682 invenit
1378 641 1493 690 bona,
1537 644 1590 684 et,

117 708 315 758 quantum
348 707 432 748 fieri
466 710 607 759 potest.
640 706 796 747 adicere
827 718 929 759 quae
975 706 1121 746 desunt
1156 708 1196 747 et
1225 705 1438 747 emendare
1469 718 1591 758 quae—

117 769 210 810 dam
241 772 282 811 et
313 773 489 811 mutare:
524 774 650 812 rector
679 771 786 812 enim
819 771 880 811 est
909 770 1133 811 alienorum
1181 770 1436 820 ingeniorum
1468 772 1590 823 atque

120 834 320 875 formator.
355 835 577 876 Difficilius
621 838 681 876 est
728 838 912 876 naturam
959 847 1074 876 suam
1122 835 1282 887 fingere.
1329 833 1406 876 Sed
1437 848 1486 875 ne
1517 835 1589 876 ille

119 898 283 950 quidem
313 899 462 946 doctor,
494 912 740 952 quamquain
773 900 921 948 omnia,
953 912 1055 952 quae
1087 902 1195 940 reeta
1235 902 1341 949 sunt,
1375 899 1473 940 velit
1504 912 1588 940 esse

118 963 158 1002 in
189 963 275 1004 suis
305 963 558 1005 auditoribus
605 977 727 1016 quam
772 963 1019 1017 plenissima,
1050 964 1091 1004 in
1122 977 1166 1005 eo
1195 966 1345 1011 tamen,
1376 965 1440 1005 cui
1474 967 1590 1005 natu-

118 1039 202 1067 ram
234 1027 390 1068 obstare
421 1027 580 1076 viderit,
612 1028 825 1069 laborabit.

176 1091 222 1132 Id
253 1104 411 1144 quoque
442 1092 666 1141 vitandum,
698 1094 738 1133 in
771 1106 847 1146 quo
880 1105 1024 1147 magna
1055 1105 1146 1146 pars
1184 1095 1304 1143 errat,
1345 1106 1392 1134 ne
1429 1093 1470 1133 in
1502 1104 1590 1134 ora-

117 1155 225 1197 tione
254 1160 391 1209 poetas
421 1156 535 1197 nobis
565 1161 604 1197 et
646 1157 867 1204 historicos,
900 1158 938 1197 in
971 1157 1057 1197 illis
1097 1157 1282 1210 operibus
1313 1160 1486 1197 oratores
1517 1158 1590 1196 aut

83 1220 406 1262 -deelamatores
449 1221 666 1262 imitandos
711 1224 910 1274 putemus.
960 1221 1041 1262 Sua
1085 1222 1231 1274 cuique
1275 1221 1478 1274 proposita
1510 1220 1586 1268 lex,

116 1342 221 1374 nium
255 1342 567 1374 accommodatum
591 1342 640 1374 acl
666 1348 771 1375 tenue
795 1342 940 1374 dicendi
961 1353 1077 1383 ssenns
1112 1353 1157 1374 ‹v.
1186 1341 1214 1379 1.
1240 1341 1281 1373 44
1310 1343 1367 1380 n.).
1395 1340 1475 1375 Cosi
1501 1346 1523 1381 ᾗ
1547 1342 1591 1375 23

116 1391 207 1420 sotto
231 1387 250 1419 e
274 1386 368 1419 detto
399 1386 479 1419 lene
513 1397 555 1419 ac
592 1388 784 1420 remissum
810 1397 924 1430 faenus
953 1397 1152 1420 causarum
1183 1386 1300 1430 quello
1329 1386 1394 1420 che
1436 1386 1592 1419 richiede

115 1432 195 1465 lene
229 1441 272 1464 ac
310 1433 503 1465 remissum
542 1432 686 1465 dicendi
722 1442 849 1474 yenus.
885 1451 929 1456 —
964 1432 1133 1475 abrupta}
1171 1432 1374 1474 abruptum
1413 1433 1590 1465 sermonis

111 1487 228 1519 yenns
252 1487 272 1510 o
297 1476 498 1520 ‘spezzato'
523 1476 542 1509 e
567 1488 598 1520 p.
624 1488 670 1509 es.
695 1476 812 1520 quello
844 1476 876 1508 di
915 1476 1103 1513 Sallustio:
1139 1477 1202 1509 cfr.
1230 1476 1259 1515 1,
1284 1476 1327 1509 32
1359 1487 1391 1509 n.
1419 1476 1448 1508 1.
1473 1497 1513 1500 —
1541 1478 1590 1509 in-

113 1521 304 1559 domicum,
328 1521 394 1555 che
419 1531 486 1555 non
513 1532 658 1554 conosce
685 1523 836 1565 ritegno:
861 1523 956 1564 forte
973 1527 1007 1555 et
1030 1521 1250 1555 indomitum
1275 1521 1421 1565 designa
1446 1521 1591 1554 l'attitu-

113 1566 194 1600 dine
218 1565 252 1599 al
277 1576 417 1609 genere,
441 1566 516 1599 cioe
541 1566 610 1599 allo
635 1566 714 1599 stile
739 1566 898 1599 sublime.
925 1586 965 1590 —
994 1566 1208 1600 subtilitatis
1243 1568 1289 1605 (ν.
1325 1566 1357 1605 5,
1393 1567 1440 1608 2),
1471 1577 1591 1610 yenus

113 1611 260 1645 «tacendi
283 1611 416 1644 subtile
438 1622 457 1645 e
483 1611 516 1643 lo
541 1611 620 1645 stile
645 1622 747 1645 senza
771 1613 979 1649 ornamenti
1005 1611 1029 1644 il
1055 1611 1169 1663 quale
1185 1613 1266 1655 pero
1298 1622 1365 1644 non
1391 1610 1531 1645 esclude
1559 1611 1589 1644 la

114 1656 297 1700 cleyantia
322 1657 367 1694 (v,
395 1656 425 1696 1,
449 1656 517 1695 65)
554 1656 630 1688 anzi
658 1657 688 1689 13
726 1657 909 1689 subti'rxlztr
945 1658 1121 1689 orationi
1157 1667 1176 1689 e
1213 1660 1456 1689 strettamente
1493 1656 1590 1689 unita

114 1712 179 1734 con
216 1700 249 1735 la
287 1700 489 1753 eleyantia;
527 1701 647 1744 quindi
686 1701 715 1738 1
751 1701 817 1735 78:
862 1701 990 1744 Lysisa
1026 1701 1170 1734 subtilis
1207 1706 1316 1745 atque
1355 1701 1512 1750 eleyans.
1550 1721 1587 1725 -—

115 1746 253 1783 mollia
278 1747 335 1789 qui
363 1756 381 1778 e
406 1745 579 1779 sinonimo
603 1746 636 1778 di
663 1746 770 1784 leniſtri
801 1747 925 1779 dulcia
951 1757 969 1779 e
995 1746 1111 1790 percio
1139 1757 1204 1779 non
1231 1747 1250 1779 e
1276 1752 1374 1778 usato
1400 1756 1435 1778 111
1461 1745 1591 1779 cattivo

114 1801 227 1824 senso.
263 1789 333 1823 Cfr
361 1790 757 1825 A1·ist.Rl1et.lll,7
786 1790 846 1822 10:
884 1792 994 1825 ἐὰν...
1013 1794 1059 1825 τὰ
1087 1792 1231 1833 μαλακὰ
1257 1793 1437 1833 σκληρῶς,
1462 1793 1590 1825 καὶτὰ

115 1838 255 1878 σκληρὰ
291 1837 458 1876 μαλακῶς
495 1837 651 1877 λέγηται
688 1837 865 1869 ἀπίθανον
901 1837 1070 1876 γίγνεται.
1107 1855 1149 1860 -
1186 1836 1281 1869 (Iure
1303 1837 1406 1877 fiunt
1432 1835 1534 1870 cioe..
1571 1836 1590 1870 e

114 1881 178 1914 3101
181 1885 276 1918 ·ι310
300 1880 536 1913 3111300111310.
562 1900 604 1905 -
665 1881 733 1914 20
758 1886 877 1924 itque,
903 1881 956 1913 nei
985 1891 1119 1924 passag
1113 1881 1146 1917 zi
1182 1880 1226 1912 ha
1255 1890 1373 1924 spesso
1398 1880 1424 1913 il
1449 1861 1587 1923 signifi-

113 1930 192 1959 cato
216 1925 249 1957 di
287 1926 400 1968 atqui.
439 1945 480 1948 -—
519 1925 611 1957 lnbro
636 1925 804 1962 .ecun‹l0,
841 1936 915 1969 cap.
952 1926 990 1957 8:
1028 1937 1076 1957 an
1111 1925 1314 1958 secundum
1346 1928 1405 1958 sui
1437 1936 1592 1969 quisque

114 1971 253 2012 irzqenii
277 1975 352 2002 nat
347 1981 452 2001 (ram
478 1970 574 2002 doce
577 1970 640 2001 zd
631 1981 659 2002 3
684 1971 739 2007 sit,
764 1970 851 2003 dove
889 1971 917 2002 si
955 1970 1125 2014 consiglia
1163 1969 1194 2002 31
1233 1975 1384 2003 maesti-0
1421 1971 1455 2003 di
1494 1975 1591 2004 tener

113 2020 215 2049 (01110
240 2013 337 2048 bensi
363 2013 453 2048 delle
479 2014 699 2058 dispositioni
734 2014 884 2047 naturali
922 2015 1144 2054 dell'‚alliev0
1183 2026 1236 2047 ma
1277 2025 1344 2048 non
1375 2015 1530 2049 soltanto
1555 2015 1589 2048 di

113 2070 199 2094 esse
231 2079 270 2084 —
300 2060 483 2103 composit
486 2071 548 2095 (1η
573 2059 701 2097 011.11,
733 2059 762 2098 8
788 2059 860 2091 6-7.
883 2061 1124 2102 proprietates
1150 2061 1384 2104 inyeoziorum
1411 2060 1590 2103 dispicere

109 2115 265 2148 prorsus
304 2106 550 2138 necessarium
587 2111 647 2138 eet.
694 2103 735 2137 In
772 2104 828 2137 1113
867 2116 1010 2148 quoqce
1045 2111 1184 2138 certum
1221 2106 1430 2138 studi-otum
1466 2107 1591 2149 facere

112 2149 290 2183 detectum
315 2159 419 2182 nemo
445 2149 682 2188 dissuaserit·
708 2160 867 2193 namque
890 2156 958 2182 ent
976 2150 1073 2182 llius
1091 2150 1263 2183 historiae
1281 2152 1398 2193 mzqis
1424 2150 1589 2189 idoneus,

111 2194 208 2227 nlius
233 2201 449 2237 composttus
475 2194 523 2226 ad
547 2205 706 2233 carmen,
732 2194 828 2227 alius
856 2195 957 2228 mztis
981 2195 1103 2228 studio
1130 2196 1234 2233 iuris,
1258 2201 1299 2227 ut
1322 2195 1497 2228 nonnulli
1522 2206 1588 2229 rus

109 2241 265 2282 fortasse
300 2240 478 2272 mittendi.
506 2259 545 2263 —
580 2250 679 2279 nam,
707 2239 953 2273 asseverativo.
988 2260 1022 2264 —
1058 2241 1249 2278 adiuvare,
1275 2239 1522 2273 ‘secondare'.
1551 2259 1591 2264 —

110 2285 317 2318 alienorum
345 2286 590 2328 ingeniorum,
615 2284 669 2317 dei
695 2283 873 2328 discepoli.
896 2289 1029 2318 mentre
1062 2284 1233 2321 l'oratore.
1264 2295 1328 2317 con
1357 2284 1388 2317 la
1415 2285 1545 2318 lettura
1571 2295 1590 2318 e

110 2328 346 2366 l'imitazione,
372 2330 399 2361 si
427 2329 537 2362 forma
563 2328 604 2362 da
631 2329 667 2362 se
690 2332 881 2370 (naturam
907 2341 1012 2362 snam
1044 2331 1174 2373 Ῑὶνιρίι).
1200 2349 1239 2353 -
1280 2330 1335 2364 21.
1364 2329 1426 2363 ille
1456 2330 1590 2369 doctor,

109 2373 226 2418 quello
250 2373 443 2417 disegnato,
469 2384 487 2405 3
513 2373 584 2407 cosi
610 2373 694 2408 dir-e.
721 2375 757 2407 in
783 2374 875 2408 libro
908 2375 1076 2408 secundo.
1109 2394 1150 2399 —
1180 2386 1405 2418 qzcrzmquam
1494 2375 1591 2414 velit,

108 2419 171 2453 cfr.
199 2419 229 2458 1
251 2418 296 2452 33
322 2430 352 2451 n.
381 2439 421 2442 —
450 2419 691 2456 traditoribus,
719 2429 778 2462 pei·
806 2419 1010 2463 discipulis.
1037 2440 1077 2444 —
1104 2422 1141 2452 in
1160 2420 1235 2452 illis
1252 2421 1432 2462 operibus
1450 2420 1529 2454 cioe
1554 2419 1590 2453 in

106 2466 206 2507 poesi
229 2469 262 2497 et
287 2464 460 2499 historia·
486 2475 515 2495 v
543 2474 603 2507 per
628 2463 651 2496 il
679 2463 838 2507 pensiero
868 2464 898 2501 1
925 2464 977 2497 31.
1006 2484 1046 2488 -
1071 2465 1343 2502 declamatores
1362 2464 1448 2497 luso
1474 2464 1507 2498 di
1532 2464 1587 2498 de-

107 2507 260 2542 clamare
285 2508 294 2541 i
322 2509 436 2553 piopri
464 2508 607 2541 discoisi
634 2509 703 2541 alla
736 2519 901 2559 presenza
942 2509 975 2541 d
978 2509 1117 2542 invitati
1158 2520 1215 2543 era
1254 2514 1344 2543 stato
1381 2509 1522 2543 iniziato
1548 2509 1591 2542 da

109 2552 232 2588 Asinio
257 2552 415 2587 Pollione
440 2553 480 2586 ed
507 2563 565 2585 era
593 2558 796 2586 veramente
822 2565 856 2585 ιη
879 2555 961 2585 fior-0
987 2554 1017 2586 31
1047 2559 1162 2597 tempo
1187 2555 1219 2586 di
1246 2553 1477 2595 Quintiliano.

157 2599 211 2633 22
242 2600 442 2643 pzopositcss
464 2600 549 2643 App
564 2599 690 2631 0111.-
716 2600 834 2640 decor,
861 2611 892 2633 v.
920 2603 949 2639 1,
973 2600 1015 2631 27
1042 2610 1087 2635 n.:
1112 2600 1175 2632 cfr.
1201 2600 1299 2632 Oraz.
1315 2601 1358 2632 A.
1374 2599 1417 2632 P.
1442 2599 1507 2633 86:
1534 2600 1592 2632 de·

1615 848 1636 878 2

1615 1233 1635 1266 (Ψ

1638 1233 1658 1266 Ν)

1640 846 1654 878 1
