1887 2901
0 1754 14 1835 —---

685 122 818 152 cnm·
843 123 870 150 ῐ.
903 113 924 159 S
951 112 1040 149 63
1042 110 1109 150 72
1559 113 1631 154 127

202 209 318 245 6321*
337 207 483 243 dicendi
505 213 540 242 et
559 208 781 254 plerumque
803 209 961 242 orationi
984 218 1011 241 si
1005 208 1117 241 smilis
1144 207 1197 241 ΑΒ
1220 219 1284 241 con
1303 207 1383 241 altri
1410 219 1488 242 mss.
1517 209 1634 248 Halm

159 265 298 312 seguito
332 264 414 300 dall·
430 263 533 298 Hild:
565 271 598 297 ec
626 264 772 298 dicendi
803 265 840 298 vi
886 262 1051 298 Wolffiin
1083 263 1119 297 in
1149 263 1278 298 Rhein
1303 264 1392 298 Mus.
1421 264 1516 299 KLll
1544 265 1630 299 1887

159 334 191 368 p.
217 319 404 367 [311-]312
427 330 579 365 propone
604 326 638 354 et
660 319 810 365 elegans
831 319 904 362 (irx
908 330 968 354 ece
993 319 1025 352 di
1054 319 1210 363 dzliyens
1234 331 1254 354 o
1278 320 1438 364 dicendi)
1456 326 1491 354 ec
1526 321 1628 355 Halm

159 389 180 414 e
214 375 375 414 Wfilfflin
413 386 565 410 mossero
601 376 774 411 entrambi
805 375 862 409 dal
894 374 1000 420 luogo
1029 375 1062 408 di
1098 375 1236 420 Dionigi
1273 375 1532 410 dAlicarna..so
1564 378 1629 411 che

159 431 304 477 Quintil.
329 432 417 466 ebbe
447 432 651 466 sott'occhio
686 432 850 467 Ἀλκαίου
925 433 970 466 τὸ
995 433 1218 473 μεγαλοφυές
1251 434 1307 466 καί
1332 434 1445 475 βραχὺ
1475 435 1531 467 καὶ
1558 435 1627 475 ἡδὺ

160 490 250 534 μετὰ
273 489 496 531 δεινότητος,
521 499 575 522 ma
602 488 688 523 dove
712 488 736 521 il
763 487 875 533 primo
899 487 929 521 si
966 487 1096 532 riporto
1122 499 1140 521 3
1161 489 1250 530 μετὰ
1281 489 1505 531 δεινότητος,
1531 488 1554 520 11
1580 500 1630 522 se·

157 544 269 580 condo
300 555 322 578 a
353 547 434 587 ήδύ.
472 544 714 579 Giustamente
745 543 770 577 il
801 543 936 578 Becher
961 543 1007 577 Β]
1043 556 1073 588 p.
1099 542 1206 577 :2:0-:31
1246 545 1279 577 fa
1305 555 1486 578 osservare
1516 545 1581 579 che
1609 545 1630 580 ὸ

158 600 359 647 prescribile
383 600 418 634 13
442 600 535 645 vulg.
562 607 597 635 ee
619 600 777 645 diliyens

245 654 309 688 sed
332 655 451 688 editus
474 656 522 688 sit
546 654 600 688 Α3
624 665 688 688 con
714 665 760 687 un
785 653 875 688 altro
901 665 963 687 ms.
989 655 1035 695 (v.
1062 653 1228 688 Peterson
1256 666 1286 698 p.
1319 654 1403 697 197).

201 709 257 744 65.
282 717 315 745 et
339 712 369 744 si
393 716 444 744 est
470 711 532 744 ΑΒ.

247 779 295 801 an
322 767 387 800 nlla
414 766 468 800 Α3
497 778 561 800 con
589 767 687 811 pochi
715 766 795 800 altri
822 777 914 806 mss,
945 766 1056 800 donde
1082 766 1114 800 la
1139 772 1346 811 congettura
1378 767 1432 801 dcl
1466 767 1626 801 Kiderlin

156 823 318 865 <Hermes
343 822 463 857 XXIII
490 822 576 857 1888
601 835 631 868 p.
652 821 985 867 [18:3]-164-[165])
1009 834 1056 855 an
1083 823 1149 856 illa
1165 829 1269 867 poeta
1295 824 1385 863 ulto,
1400 830 1481 867 post
1503 823 1628 857 Home-

156 892 242 914 rum
261 886 382 914 tamen
446 891 464 912 <
488 881 532 914 ob
552 879 647 913 nicht
667 879 751 925 jene
777 879 886 914 mehr.
906 879 958 913 als
976 879 1096 924 irgend
1122 879 1178 914 ein
1199 879 1351 919 Dichter,
1367 880 1473 921 (nach
1499 880 1628 915 Homer

106 974 110 983 ,
154 936 332 983 jedoch...)
389 950 420 969 ».

199 993 254 1029 68.
279 995 376 1040 quod
400 995 519 1038 ipsum
547 993 818 1037 reprehendunt
844 993 998 1032 Meister,
1024 993 1163 1037 Kriiger
1187 1003 1205 1026 e
1230 993 1416 1030 Peterson.
1447 1004 1466 1028 e
1492 993 1628 1028 Becher

157 1061 285 1085 ancora
309 1051 344 1083 in
373 1050 417 1083 Β]
443 1061 474 1094 p.
500 1049 543 1083 32
566 1049 641 1083 (cfr.
669 1049 766 1083 Neue
790 1048 875 1094 phil.
902 1049 1033 1083 Runds.
1062 1048 1148 1082 1886
1174 1060 1205 1082 n.
1234 1048 1275 1082 19
1299 1061 1331 1094 p.
1356 1049 1422 1082 292
1447 1060 1465 1083 e
1490 1061 1521 1082 v.
1550 1049 1628 1083 Hirt

157 1106 240 1140 JVB
266 1107 316 1140 IX
341 1118 374 1151 p.
400 1105 489 1147 315).
517 1117 620 1150 quem
647 1108 766 1150 ipsum
791 1116 932 1150 quoque
957 1117 986 1137 r.
1014 1104 1094 1139 Hild
1119 1116 1184 1139 con
1212 1104 1325 1138 Halm.
1353 1105 1511 1140 Kiderlin
1536 1105 1572 1139 «1.
1597 1117 1626 1140 0.

157 1163 250 1198 nella
275 1167 357 1197 nota
381 1162 528 1208 preced..
561 1174 592 1207 p.
619 1161 697 1205 165)
731 1172 883 1207 propone
916 1163 1014 1207 quod
1045 1163 1165 1205 ipsum
1197 1162 1349 1207 quidam
1378 1174 1407 1195 r.
1436 1162 1505 1196 A3:
1530 1163 1629 1207 quod

156 1221 278 1264 ipsum
302 1219 399 1264 quod
421 1219 663 1263 reprehendet

199 1275 255 1310 69.
273 1277 499 1320 praecipuus
522 1281 582 1309 est.
614 1275 718 1308 Hunc
742 1280 777 1308 et
798 1275 1008 1307 admiratus
1032 1275 1117 1315 (cosi
1142 1274 1170 1307 si
1196 1273 1282 1308 deve
1308 1273 1449 1318 leggere
1474 1273 1530 1308 nel
1559 1274 1630 1309 mio

156 1336 245 1367 testo
277 1332 399 1366 invece
430 1330 464 1364 di
493 1331 724 1375 praecipuas.
755 1330 862 1364 Hunc
894 1330 1061 1364 Peterson
1098 1329 1150 1364 ed.
1177 1330 1300 1371 maior)
1337 1330 1516 1371 Peterson,
1541 1330 1626 1365 ediz.

154 1387 339 1422 scolastica
362 1386 487 1429 (189·2).
512 1391 702 1430 approvato
727 1386 783 1419 dal
810 1386 969 1420 Kiderlin
997 1386 1030 1419 in
1059 1386 1156 1420 Neue
1181 1386 1265 1431 phil.
1285 1386 1418 1420 Runds.
1444 1386 1531 1421 1893
1556 1398 1588 1420 n.
1606 1387 1626 1420 4

153 1455 186 1489 p.
201 1443 257 1478 57.
278 1444 513 1487 praecipuus.
537 1453 621 1476 eum
648 1442 801 1476 Meister.
827 1444 1050 1486 praecipuus
1075 1448 1136 1476 est.
1167 1442 1259 1476 E'um
1286 1442 1379 1483 Hild‚
1403 1442 1537 1478 lezione
1561 1443 1626 1477 che

153 1510 222 1534 nou
247 1499 293 1534 113
317 1498 420 1534 alcun
447 1510 465 1531 ‹
484 1498 617 1532 Anhalt
644 1499 678 1532 in
703 1498 764 1532 der
785 1498 1080 1543 I‘eberlieferung
1104 1511 1134 1538 »,
1161 1509 1260 1533 come
1283 1510 1423 1533 ossei-va
1441 1499 1467 1533 il
1492 1499 1627 1535 Becher

155 1556 200 1590 Β]
226 1567 259 1601 p.
284 1555 338 1596 41,
362 1554 387 1588 il
412 1554 515 1599 quale
539 1554 642 1599 Iegge
667 1554 720 1589 col
746 1554 910 1588 Wfflffiin
947 1555 1089 1598 (Rhein.
1117 1556 1206 1589 Mus.
1232 1555 1330 1589 XLII
1362 1555 1448 1589 1887
1472 1567 1504 1600 p.
1529 1556 1623 1598 :31:3):

147 1613 385 1658 praecipuus.
423 1610 533 1644 Hunc
568 1612 803 1647 imitatus&
841 1623 870 1642 v.
897 1611 1011 1646 anche
1052 1611 1130 1645 Hirt
1165 1611 1246 1645 JVB
1284 1611 1368 1645 XIV
1404 1623 1435 1657 p.
1460 1612 1505 1646 53
1528 1623 1546 1647 e
1571 1612 1624 1646 59.

154 1667 229 1702 AB:
249 1668 474 1712 praecipu-us
498 1672 531 1700 et
555 1666 845 1701 admirandus
865 1672 900 1701 et
923 1677 1007 1700 enm
1032 1674 1222 1701 secutus

196 1723 251 1756 70.
279 1722 468 1757 Charisius
493 1724 530 1754 in
555 1722 700 1755 homine
725 1722 934 1756 adductura
962 1723 1026 1757 A3.

241 1786 309 1813 aut
339 1778 404 1812 illa
438 1778 574 1812 iudicia
609 1778 776 1813 Peterson
810 1791 874 1813 con
908 1779 1025 1813 alcuni
1056 1791 1135 1813 mss.
1169 1786 1236 1814 aut
1264 1781 1329 1814 illa
1359 1781 1457 1814 mala
1487 1781 1625 1816 iudicia

152 1835 234 1870 Hild
259 1847 278 1870 e
303 1835 458 1875 Meister,
483 1845 547 1869 con
575 1833 688 1868 Halm.
724 1841 790 1868 aut
815 1837 913 1869 mala
940 1836 1043 1881 [illa]
1071 1837 1209 1870 iudicia
1234 1837 1382 1881 Krsiger.
1410 1838 1544 1872 Becher
1567 1849 1625 1872 an-

151 1903 233 1927 cora
257 1893 292 1926 in
320 1891 367 1925 Β]
391 1902 423 1936 p.
448 1890 511 1925 3'2:
542 1897 610 1924 aut
632 1890 698 1924 illa
725 1890 853 1937 [mala]
879 1893 1017 1926 iudicia
1050 1893 1199 1927 secondo
1224 1893 1256 1927 13
1283 1898 1443 1938 proposta
1472 1893 1625 1928 ‹lell'An·

150 1949 286 1983 dresen.
312 1948 382 1982 A3:
407 1952 449 1980 ut
471 1947 546 1980 alia
574 1947 671 1980 mala
698 1948 835 1982 iudicia

194 2005 249 2040 72.
273 2015 358 2038 cum
383 2004 485 2038 venia
511 2002 604 2047 xulg.
632 2013 661 2043 e,
686 2012 705 2037 a
732 2003 786 2037 dir
810 2015 902 2043 vero,
931 2005 976 2038 mi
1002 2005 1139 2038 sembra
1164 2015 1233 2040 non
1250 2016 1440 2040 occorrano
1465 2006 1624 2040 emenda·

134 2061 278 2112 menti;
310 2070 395 2105 pure
419 2071 461 2094 ne
497 2059 620 2093 furono
646 2060 810 2104 proposti.
837 2060 929 2094 dallo
955 2061 1125 2105 Spalding
1156 2073 1239 2095 cnm
1276 2063 1498 2096 verecundia
1529 2061 1623 2096 dallo

148 2116 269 2152 Scholl
293 2115 435 2158 (Rhein.
463 2116 552 2149 Mus.
579 2115 740 2149 XXXIV
767 2115 853 2149 1879
878 2128 909 2161 p.
936 2117 1062 2159 88-89)
1087 2128 1130 2151 cu
1135 2129 1170 2150 m
1195 2117 1330 2152 iudicio
1361 2128 1380 2152 e
1404 2117 1462 2152 dal
1487 2117 1623 2152 Becher

147 2172 294 2217 (Philol.
319 2171 416 2206 XIV
442 2183 475 2217 p.
499 2172 585 2206 722;
622 2183 651 2204 ν.
679 2171 791 2206 anche
816 2172 863 2205 BJ
890 2185 920 2217 p.
950 2173 989 2207 13
1017 2184 1035 2206 e
1059 2173 1118 2216 32)
1143 2185 1225 2208 cum
1250 2175 1397 2218 inqenio
1421 2179 1544 2219 questo
1567 2186 1625 2219 ap-

147 2232 292 2273 provato
323 2227 381 2262 dal
414 2227 493 2262 Hirt
525 2227 607 2261 JVB
634 2227 718 2262 XIV
743 2239 774 2273 p.
800 2228 854 2268 57,
880 2229 904 2262 il
941 2229 1045 2274 quale
1083 2234 1179 2264 trova
1205 2229 1270 2265 che
1307 2230 1340 2263 13
1376 2230 1509 2265 lezione
1539 2242 1623 2264 cum

147 2286 254 2318 venia
277 2285 297 2319 e
321 2296 341 2317 ‹
364 2283 600 2319 sicuramente
629 2283 718 2318 falsa
744 2296 774 2328 »ς
811 2283 844 2318 10
869 2290 979 2320 stesso
1006 2285 1084 2319 Hirt
1115 2286 1172 2330 gib
1204 2297 1315 2321 aveva
1347 2286 1468 2320 scritto
1498 2286 1542 2319 ib.
1571 2286 1621 2320 lx

145 2351 178 2385 p.
193 2340 274 2374 315:
294 2353 312 2372 «
328 2340 385 2375 die
403 2340 561 2385 Heilung
578 2340 622 2374 ist
639 2339 730 2375 noch
756 2340 856 2375 nicht
878 2341 1056 2386 gefunden
1083 2341 1211 2388 [1883]
1229 2342 1347 2377 weder
1370 2343 1407 2377 in
1423 2342 1501 2377 dem
1527 2342 1625 2387 Spal-

144 2395 340 2441 dingschen
365 2396 585 2431 verecundia
610 2396 702 2431 noch
727 2396 774 2430 im
801 2396 1035 2432 Schollschen
1059 2399 1195 2432 iudicio
1220 2411 1251 2432 ».

228 2463 353 2497 praue
369 2452 424 2487 A3
447 2463 512 2487 con
531 2452 693 2498 parecchi
711 2451 792 2486 altri
811 2463 905 2491 mss..
930 2453 1109 2493 Peterson,
1127 2465 1146 2489 e
1164 2454 1300 2489 Becher
1325 2454 1356 2488 in
1376 2453 1468 2488 Phil.
1487 2454 1620 2489 Runds.

146 2505 192 2542 111
219 2507 305 2543 1883
329 2520 361 2542 n.
391 2508 430 2542 14
456 2520 487 2554 p.
505 2508 572 2543 433
597 2511 643 2551 (v.
669 2508 767 2544 Neue
792 2509 878 2554 phil.
897 2509 1029 2544 Runds.
1058 2510 1144 2543 1886
1170 2522 1201 2544 n.
1223 2510 1264 2543 19
1288 2522 1319 2555 p.
1344 2511 1425 2553 292)
1449 2521 1468 2544 e
1492 2521 1620 2544 ancora

144 2561 183 2598 in
206 2562 253 2599 Β]
277 2577 311 2611 p.
335 2565 380 2600 32
403 2576 422 2600 e
447 2565 502 2606 49,
538 2565 564 2600 il
587 2564 693 2612 quale
722 2565 758 2600 fa
782 2577 963 2601 ossei-vare
993 2567 1027 2601 13
1052 2567 1340 2612 corrispondenza
1373 2567 1427 2601 fra
1456 2578 1574 2612 prave
1602 2577 1624 2601 e
