1887 2901
213 360 236 394 9

192 744 233 777 10

263 71 290 111 6
816 84 946 112 cunr
975 86 1004 111 1.
1034 73 1207 121 §9—10

262 157 562 198 circulatoriam
586 157 884 199 volubilitatem
906 157 1195 211 spectantibus.
1217 157 1263 198 Id
1284 159 1419 200 autem
1443 171 1736 211 consequemur

261 222 415 274 optima
446 221 611 277 legendo
642 226 763 276 atque.
794 221 1013 269 audiendo;
1044 234 1120 263 non
1151 222 1260 263 enim
1290 223 1422 264 solum
1453 224 1618 264 nomina
1646 224 1735 277 ipsa

260 297 395 327 rerum
425 298 708 340 cognoscemus
739 287 814 327 hac
844 298 952 335 cura,
984 285 1052 327 sed
1074 285 1180 339 quod
1201 299 1360 340 quoque
1379 286 1467 329 loco
1487 287 1541 328 sit
1571 288 1736 341 aptissi-

262 363 386 390 mum.
411 350 609 391 Omnibus
629 351 736 392 enim
763 350 843 392 sere
865 351 997 391 verbis
1017 351 1176 403 praeter
1195 363 1338 404 pauca,
1354 364 1457 404 quae
1473 355 1568 393 sunt
1589 364 1734 405 parum

262 414 494 469 verecunda,
527 415 567 455 in
598 415 774 457 oratione
804 416 916 456 locus
947 417 1017 456 est.
1051 414 1156 455 Nam
1187 415 1401 468 scriptores
1435 416 1599 470 quidem
1631 417 1735 471 iarn-

260 478 400 520 borum
431 479 657 532 veterisque
687 479 913 521 comoediae
945 480 1068 520 etiam
1092 479 1133 520 in
1153 477 1240 520 illis
1264 491 1380 533 saepe
1409 480 1642 528 laudantur,
1664 470 1733 522 sed

259 543 373 584 nobis
403 545 583 585 nostrum
615 556 714 597 opus
738 543 919 607 {¹}P9‘317i,
941 544 1004 584 sat
1033 545 1104 584 est.
1138 542 1285 585 Omnia
1315 544 1448 593 verba,
1479 545 1655 598 exceptis
1684 544 1733 585 de

258 608 407 660 quibus
437 608 532 656 dixi,
563 614 657 648 sunt
687 608 839 665 alfP-Ebi
871 602 1043 661 optima:
1077 620 1170 649 nam
1192 610 1233 649 et
1254 608 1482 650 humilibus
1503 609 1668 650 interim
1692 610 1732 650 et

258 672 494 727 vulgaribus
525 674 585 713 est
614 685 725 725 opus,
747 674 788 713 et
809 684 911 725 quae
932 672 1121 713 nitidiore
1143 672 1183 713 in
1209 675 1322 726 parte
1349 673 1537 714 videntur
1557 673 1732 722 sordida,

259 737 327 778 ubi
359 750 420 778 res
449 738 590 790 poscit,
621 737 777 790 proprie
809 737 1012 778 dicuntur.
1043 737 1155 778 Haec
1186 739 1233 778 ut
1252 737 1429 778 sciamus
1449 739 1571 790 atque
1592 750 1731 779 eorum

259 815 333 843 non
363 802 701 856 significationem
733 801 860 851 modo,
891 801 959 843 sed
990 802 1138 844 formas
1158 802 1282 843 etiam
1315 815 1602 855 mensurasque
1632 802 1734 844 nori-

258 880 360 916 mus,
392 869 450 916 ut,
483 867 728 919 ubicumque
773 869 893 908 erunt
934 867 1078 920 posita,
1109 867 1361 917 conveniant,
1393 866 1470 907 nisi
1511 866 1644 908 multa
1673 867 1733 908 le-

257 932 387 974 ctione
409 934 529 985 atque
547 931 752 973 auditione
769 931 935 985 adsequi
953 931 1066 973 nullo
1089 931 1204 973 modo
1221 943 1445 984 possumus,
1462 944 1554 972 cum
1572 944 1732 974 omnem

256 1043 375 1079 mine5
400 1042 579 1074 iudicium
606 1040 662 1074 nel
687 1051 789 1074 senso
813 1040 847 1073 di
866 1046 873 1059 ⁶
889 1040 1161 1074 discernimento
1177 1040 1196 1076 ¹.
1222 1045 1230 1057 ⁶
1244 1040 1384 1073 criterio
1399 1039 1417 1072 ‘.
1435 1059 1478 1065 —
1496 1041 1569 1072 vim
1587 1040 1731 1080 orandi,

258 1086 290 1118 la
322 1097 403 1119 vera
429 1086 629 1130 eloquenza,
655 1097 674 1118 3
699 1086 755 1119 cui
781 1085 882 1119 viene
907 1090 1153 1130 contrapposta
1187 1085 1220 1118 la
1244 1085 1482 1118 circulatoria
1509 1085 1730 1124 volubilitas,

257 1141 318 1175 per
342 1130 374 1164 la
400 1132 503 1175 quale
540 1131 566 1162 si
605 1131 691 1164 deve
717 1131 897 1164 intendere
922 1130 954 1163 la
994 1130 1166 1174 loquat-itii
1193 1129 1458 1164 ciarlatanesca.
1488 1130 1730 1164 Circulatoria

256 1176 427 1209 richiama
454 1189 472 1209 a
498 1176 708 1213 circulator,
735 1181 888 1220 appunto
915 1187 959 1209 un
998 1175 1192 1209 ciarlatano
1217 1187 1236 1207 o
1261 1174 1504 1214 saltimbanco,
1528 1175 1595 1209 ebe
1627 1186 1692 1210 con
1715 1175 1728 1209 i

255 1221 330 1254 suoi
356 1221 579 1254 acrobatismi
606 1234 624 1252 «
650 1221 791 1254 trattien
812 1220 843 1253 la
870 1220 953 1254 folla
979 1234 1009 1252 >›.
1036 1240 1075 1244 —
1102 1232 1203 1257 cura.
1222 1219 1342 1265 parola
1368 1221 1548 1265 frequente
1573 1220 1608 1253 in
1626 1221 1731 1262 Quin-

256 1266 379 1300 tiliano
404 1266 459 1300 nel
486 1277 586 1300 senso
610 1266 643 1298 di
669 1272 676 1284 ⁸
696 1266 867 1309 diligente
894 1266 1094 1310 scrupolosa
1113 1265 1131 1297 ¹.
1158 1285 1201 1290 —
1234 1266 1331 1309 quod
1354 1276 1507 1310 quoque,
1533 1266 1622 1310 App.
1650 1266 1730 1301 crit.

254 1330 298 1336 -
321 1313 564 1352 aptissimum,
589 1322 609 1344 a
633 1312 822 1355 esprimere
859 1322 905 1344 un
942 1311 1021 1343 dato
1059 1310 1218 1354 pensiero
1254 1321 1322 1343 non
1359 1310 1410 1344 c'e
1445 1310 1512 1344 che
1548 1321 1617 1343 una
1652 1309 1726 1344 sola

255 1356 366 1389 forma
403 1357 522 1390 affatto
558 1357 799 1394 conveniente,
825 1355 953 1389 l'unica
984 1357 1118 1389 huona:
1155 1355 1187 1388 13
1213 1355 1379 1389 difficolta
1404 1355 1556 1389 consiste
1581 1355 1636 1389 nel
1663 1360 1730 1390 tro-

253 1401 363 1440 varla,
387 1413 405 1435 e
430 1413 450 1435 3
475 1401 528 1435 cio
553 1411 652 1435 serve
676 1401 708 1433 la
735 1412 838 1440 cvra,
863 1400 896 1433 di
922 1401 977 1434 cui
1004 1401 1080 1434 dice
1112 1400 1135 1433 il
1162 1405 1278 1434 nostro
1304 1405 1435 1434 autore.
1452 1419 1497 1426 —
1543 1401 1579 1434 9.
1601 1401 1728 1440 verbis,

253 1446 458 1490 Appendice
482 1446 614 1480 critica.
640 1465 682 1471 —
703 1457 841 1490 parum
868 1446 1085 1480 verecunda.
1110 1456 1128 1479 e
1153 1445 1270 1489 percio
1295 1445 1336 1478 da
1363 1456 1431 1479 non
1457 1456 1576 1483 usare:
1612 1446 1676 1479 cfr.
1702 1445 1729 1486 l,

253 1491 285 1527 2.
309 1492 346 1523 7:
374 1493 482 1526 verba
506 1503 552 1525 ne
575 1491 832 1524 alexandrinis
856 1491 1000 1535 quidem
1026 1491 1273 1534 permittenda
1302 1491 1451 1524 deliciis.
1471 1511 1512 1514 —
1528 1501 1628 1530 nam,
1645 1501 1729 1525 con-

252 1535 425 1580 giuntin
449 1547 547 1570 come
572 1547 689 1580 spesso
715 1537 749 1569 in
774 1547 878 1580 greco
904 1538 987 1578 γάρῑ
1013 1536 1032 1569 c
1058 1535 1314 1569 intraducibile.
1340 1541 1495 1579 appunto
1519 1546 1619 1569 come
1654 1537 1724 1577 γάρ

251 1582 288 1614 in
313 1580 412 1616 molti
437 1582 520 1615 casi.
545 1601 589 1606 —
623 1582 849 1625 scriptores...
878 1583 1094 1617 iamborum,
1119 1581 1181 1613 cfr.
1208 1583 1254 1622 §g
1279 1579 1401 1614 59-60.
1423 1591 1487 1613 ove
1513 1581 1531 1614 e
1563 1579 1658 1614 detto
1691 1581 1725 1614 di

253 1626 452 1665 Archiloco,
478 1626 503 1659 il
529 1626 686 1671 principe
711 1626 763 1660 dei
791 1627 1044 1669 ἰαμβογρὰφοι.
1062 1625 1225 1659 associati
1250 1626 1281 1657 31
1310 1626 1401 1668 poeti
1419 1625 1511 1659 della
1530 1625 1727 1659 commedia

251 1672 381 1711 antica,
407 1673 460 1705 fra
484 1673 540 1705 eui
567 1671 704 1716 Eupoli,
729 1671 842 1704 anche
867 1672 908 1704 da
935 1671 1069 1706 Oratio.
1096 1671 1168 1703 Sat.
1196 1669 1237 1712 11,
1261 1672 1291 1704 25.
1319 1670 1375 1703 12:
1405 1670 1573 1712 Eupolin,
1601 1671 1726 1704 Archi-

252 1716 410 1753 lochum.
435 1718 579 1750 comites
616 1717 769 1750 educere
808 1716 954 1749 tantos?
993 1716 1059 1749 Per
1096 1715 1128 1748 la
1165 1716 1348 1749 comoedia
1388 1722 1488 1749 vetus
1511 1726 1532 1748 o
1569 1717 1723 1760 antiqua

252 1773 284 1794 v.
302 1765 349 1803 §g
373 1761 495 1795 65-66.
523 1781 556 1786 --
582 1764 620 1795 in
638 1762 713 1795 illis
732 1765 823 1802 (sott.
844 1762 971 1795 verbis.
986 1772 1079 1805 quae
1103 1767 1189 1793 sunt
1202 1771 1340 1804 parum
1362 1760 1580 1802 verecunda}
1650 1761 1728 1794 lau-

250 1807 401 1845 dantur,
426 1812 434 1826 ‘
450 1819 510 1852 per
526 1807 532 1814 “
549 1806 680 1851 (quelle
698 1807 846 1851 parole):
871 1805 942 1839 cosi
964 1806 1003 1843 Y,
1031 1805 1081 1840 12.
1106 1806 1165 1838 22:
1192 1805 1346 1838 laudari
1369 1808 1413 1838 in
1441 1806 1574 1839 bonis.
1605 1824 1642 1830 —
1667 1816 1725 1839 no·

250 1858 370 1885 strum
395 1864 494 1896 opus,
520 1860 527 1870 ⁴
543 1852 567 1885 il
594 1857 711 1885 noeti-0
747 1851 957 1896 proposno'.
982 1851 1057 1885 cioe
1095 1850 1340 1894 l'etlucazione,
1365 1854 1566 1884 veramente
1599 1849 1726 1883 l'insti-

252 1899 342 1931 tucio
359 1908 378 1931 ο
397 1898 608 1932 formazione
626 1897 855 1931 dell‘oratore.
872 1917 908 1921 —
931 1898 1078 1930 intueri,
1096 1896 1131 1929 in
1149 1907 1251 1930 senso
1269 1895 1502 1930 intellettuale
1517 1907 1524 1927 z
1539 1899 1548 1913 ‘
1562 1894 1691 1929 badare
1704 1895 1724 1934 ⁸,

250 1942 490 1976 ‘attendere'z
519 1943 582 1976 cfr.
605 1942 643 1976 V.
664 1942 715 1984 13,
732 1942 790 1975 31:
816 1942 905 1974 dum
932 1942 1048 1975 locum
1075 1947 1312 1984 praesentem.
1339 1951 1411 1974 non
1437 1946 1548 1974 totam
1573 1951 1724 1974 causam

250 1990 451 2022 intuentur.
481 1990 567 2032 App.
595 1987 670 2021 crit.
696 2007 738 2011 —
763 1989 930 2031 exceptis,
956 1988 1000 2019 iis
1033 1986 1121 2028 (cioe
1144 1998 1281 2029 parum
1322 1985 1558 2027 verecundis).
1594 2003 1637 2011 —·
1661 1986 1725 2018 hu-

250 2033 398 2067 milibus
415 2040 447 2066 et
468 2033 693 2076 mcljsczribus.
718 2032 812 2076 quali
839 2032 998 2075 sogliono
1022 2042 1116 2065 esser
1134 2042 1194 2074 pro
1222 2031 1270 2064 rie
1289 2031 1343 2064 del
1361 2031 1514 2064 discorso
1537 2029 1723 2070 familiare,

249 2078 293 2111 da
319 2077 374 2111 cui
400 2089 467 2112 non
494 2088 629 2122 senipre
655 2077 794 2121 rifugge
820 2076 1047 2119 l'eloquenza:
1075 2077 1137 2110 cfr.
1164 2076 1195 2109 X
1218 2103 1226 2113 ,
1253 2076 1281 2111 1,
1306 2076 1342 2110 6:
1370 2076 1510 2108 humile
1537 2081 1646 2119 atque
1669 2086 1724 2109 co-

251 2123 431 2156 tidianum
459 2124 637 2157 sermonis
659 2133 785 2165 faenus.
811 2142 847 2146 —-
871 2124 1017 2156 interim
1036 2138 1078 2150 4-
1096 2122 1304 2156 interdum:
1322 2121 1356 2154 in
1382 2125 1505 2166 questo
1521 2120 1723 2164 significato

249 2172 296 2209 (v.
323 2170 411 2213 App.
438 2169 513 2201 crit.
539 2179 572 2201 n.
598 2179 616 2200 a
644 2169 790 2200 interim
816 2172 838 2208 ς’
862 2167 921 2210 24)
945 2167 1074 2201 ricorrc
1099 2177 1217 2210 spesso
1243 2166 1277 2199 in
1308 2165 1538 2206 Quintiliano,
1564 2165 1618 2199 nei
1645 2165 1722 2199 suoi

249 2213 533 2258 contemporanei
558 2225 577 2247 e
595 2212 687 2257 negli
706 2212 857 2246 scrittori
876 2211 1069 2256 posteriori.
1089 2232 1130 2235 —
1148 2212 1320 2245 nitidiore
1338 2223 1373 2243 m
1390 2218 1498 2254 pru-ee
1559 2210 1722 2247 sordida.

250 2258 399 2292 secondo
430 2258 648 2299 Quintiliano
680 2257 786 2301 (VIII,
819 2257 850 2291 3.
883 2256 951 2296 49),
985 2257 1015 2289 13
1049 2258 1166 2290 oratio
1192 2257 1306 2289 nitida
1336 2257 1377 2288 lia
1406 2267 1466 2300 per
1490 2255 1664 2289 contrario
1690 2255 1722 2288 la

249 2307 366 2337 oratio
391 2304 552 2340 sordida,
577 2316 606 2338 c.
631 2302 779 2336 secondo
804 2302 983 2337 Cicerone,
1009 2302 1041 2334 la
1077 2303 1193 2335 oratio
1231 2302 1383 2335 horrida
1409 2301 1532 2338 (Brut.
1555 2299 1610 2337 67,
1635 2300 1722 2332 2ζ18ι

250 2360 321 2382 non
360 2349 466 2381 valde
502 2351 630 2382 nitens.
655 2359 727 2381 non
747 2348 862 2392 plane
897 2347 1050 2380 horrida
1080 2349 1220 2386 oratio).
1260 2345 1409 2379 Nimius
1445 2349 1478 2382 (e
1513 2344 1584 2379 cosi
1610 2347 1723 2385 nitor)

249 2394 395 2438 designa
433 2394 690 2438 propriamente
717 2391 788 2426 «il
821 2391 912 2426 bello
948 2391 1028 2425 stile
1054 2405 1083 2429 a»,
1110 2391 1143 2424 in
1177 2397 1308 2436 quanto
1343 2392 1362 2424 e
1400 2397 1501 2427 terso.
1526 2390 1722 2433 elegante...

250 2441 340 2483 App.
366 2439 441 2472 crit.
470 2460 509 2463 —
530 2439 696 2482 proprie,
722 2449 752 2470 ν.
779 2441 800 2477 ,S
825 2437 846 2469 6
869 2438 1019 2480 propria
1040 2447 1071 2469 n.
1089 2448 1108 2470 e
1125 2437 1187 2469 cfr.
1207 2437 1238 2473 5
1257 2436 1291 2468 4:
1314 2437 1419 2469 verba
1493 2435 1719 2478 simultatem.

249 2504 291 2509 -
315 2485 373 2518 10.
399 2486 548 2527 formas,
575 2483 607 2516 la
633 2483 743 2517 forma
762 2482 1037 2527 grammaticale.
1067 2481 1097 2514 13
1132 2481 1298 2515 ςοείἀθῑῑ3
1319 2479 1535 2513 “ῆι),<ςίοηε”.
1560 2499 1598 2506 -
1629 2490 1723 2513 men-

248 2540 367 2569 suras,
387 2530 407 2561 il
425 2528 540 2562 valore
553 2528 708 2564 metrico.
726 2528 800 2561 cioe
819 2528 870 2560 ·13
885 2527 1041 2570 (χιι-11111151
1055 2527 1060 2534 “
1075 2526 1180 2560 (eli-lle
1195 2526 1330 2569 singole
1348 2524 1548 2560 sillabe).-
1562 2525 1723 2561 lectione.

247 2574 363 2609 conlo
381 2580 490 2608 situum)
515 2574 713 2618 significato
738 2573 802 2607 che
827 2572 859 2605 al
886 2576 908 2614 ἓ
933 2575 963 2605 2.
991 2591 1031 2598 —·
1056 2583 1172 2605 cuna..v
1199 2573 1432 2615 accipiamus,
1458 2574 1578 2615 queste
1604 2569 1723 2616 parole
