1887 2901
474 41 486 44 -
504 41 514 44 “
591 42 598 46 ι
652 45 659 48 ·
729 43 733 46 Ι
1075 46 1078 49 Ι
1328 0 1340 7 “
1371 0 1405 31 “’ζ
1424 0 1887 53 ἶίςῖθιιυῖἒῚΞέ-ᾝἩ

1623 60 1626 61 ’
1672 71 1675 76 .
1768 53 1791 66 's
1850 52 1887 77 ²²)

329 89 381 128 46
909 100 1041 128 cunr
1069 101 1098 128 1.
1128 90 1149 137 ἓ
1178 89 1229 128 94
1624 81 1628 83 ’
1880 78 1887 85 ”

326 177 445 226 tores,
476 177 522 217 ut
552 188 645 217 eum
666 188 742 216 non
765 174 948 216 eiusdem
973 175 1088 216 modo
1109 175 1242 228 operis
1262 176 1510 227 auctoribus,
1531 177 1602 219 sed
1623 178 1812 222 omnibus

259 243 302 278 94
328 241 456 294 poetis
486 241 685 294 praeferre
716 253 793 282 non
824 239 1026 281 dubitent.
1052 239 1138 294 Ego
1159 242 1360 292 quantum
1382 242 1432 283 ab
1455 241 1554 293 illis,
1575 244 1736 285 tantum
1759 244 1810 286 ab

327 306 496 348 Horatio
512 305 719 355 dissentio,
736 304 806 358 qui
823 303 1034 346 Lucilium
1065 304 1229 346 fluere
1259 304 1597 348 lutulentum
1627 309 1669 350 et
1697 320 1810 352 esse

326 370 553 424 aliquid,
586 369 710 422 quod
741 369 931 411 tollere
961 368 1157 421 possiS,
1188 370 1320 422 put-at.
1353 369 1459 412 Nam
1490 371 1666 414 eruditio
1697 372 1738 414 in
1764 386 1810 416 eo

326 435 431 476 mira
460 438 500 476 et
528 435 698 476 libertas
727 436 849 486 atque
880 433 973 475 inde
1005 433 1206 474 acerbitas
1236 436 1277 475 et
1307 435 1466 477 abunde
1487 436 1597 478 salis.
1624 437 1809 479 Multum

325 513 370 541 eo
400 502 461 541 est
490 499 631 541 tersior
661 511 707 539 ac
742 511 869 552 purus
906 498 1036 552 magis
1075 497 1262 539 Horati
1276 512 1330 540 us
1369 501 1422 550 et,
1459 501 1536 542 nisi
1569 501 1682 542 labor
1721 503 1809 544 eius

325 577 472 614 amore,
503 563 755 617 praecipuus.
779 562 961 603 Multum
983 564 1024 603 et
1045 575 1161 603 verae
1191 563 1347 617 gloriae
1379 565 1566 617 quamvis
1596 579 1676 607 uno
1703 566 1808 608 libro

325 629 536 670 Persius
556 628 718 670 meruit.
737 627 842 669 Sunt
863 627 963 668 clari
980 626 1179 680 hodieque
1201 629 1242 669 et
1263 628 1333 681 qui
1357 628 1455 669 olim
1474 630 1806 673 nominabuntur.

324 747 430 792 padre
454 745 547 779 della
572 745 679 779 satira
705 744 827 784 latina,
851 756 871 778 3
895 744 952 778 cui
977 744 1079 778 diede
1101 744 1217 779 indole
1242 756 1261 779 e
1286 750 1382 779 veste
1407 746 1574 786 artistiea,
1601 743 1808 781 indirizzanss

324 792 403 826 dola
429 802 488 835 per
513 791 547 824 la
572 802 635 823 sua
651 801 733 823 vera
758 789 886 823 strada.
913 789 974 823 Dei
1000 790 1076 823 suoi
1101 789 1145 824 30
1170 790 1250 823 libri
1275 789 1310 823 di
1335 790 1442 824 satire
1465 801 1536 825 non
1561 792 1804 826 conserviamo

324 837 389 871 che
413 836 532 870 alcuni
562 835 775 869 frammenti.
801 854 843 859 ——
871 835 978 868 habet
1000 842 1192 872 amatores,
1219 835 1251 868 la
1270 839 1380 869 stessa
1407 835 1498 869 frase
1522 839 1545 878 ἓ
1572 835 1645 870 104.
1671 836 1804 872 Cotesti

324 888 506 915 amatores
530 891 614 915 sono
640 879 748 925 quelli
773 891 794 912 a
824 880 880 913 cui
907 890 1062 913 accenna
1087 880 1209 914 Tacito
1236 880 1332 913 Dial.
1356 880 1417 914 23:
1436 883 1502 925 qui
1525 881 1713 916 Lucilium
1731 894 1805 928 pro

324 927 516 961 Horatio...
535 926 675 970 leyzcnt,
700 936 719 959 e
743 924 810 958 che
843 925 935 958 Svet.
966 927 1061 969 Auy.
1097 925 1141 959 86
1165 924 1312 968 designa
1349 925 1384 958 in
1420 925 1587 969 generale
1622 926 1678 961 col
1703 938 1806 963 nome

323 973 358 1005 di
383 973 598 1016 antiquarii.
618 990 660 996 —
684 973 813 1014 operis,
838 981 870 1003 v.
888 973 910 1012 ἓ
928 969 967 1003 31
990 981 1021 1003 n.
1042 991 1084 995 ——
1143 971 1207 1004 94.
1233 970 1398 1009 Horatio,
1423 971 1498 1003 Sat.
1525 971 1550 1011 1,
1575 971 1607 1008 4,
1635 971 1691 1004 11:
1721 983 1806 1006 cum
1835 995 1843 1006 κ

321 1019 455 1062 flueret
479 1016 697 1055 lutulentus,
722 1021 803 1049 erat
830 1016 927 1059 quod
963 1015 1090 1049 tollere
1115 1016 1250 1053 velles;
1273 1015 1503 1056 Quintiliano,
1529 1016 1683 1060 citando,
1705 1027 1806 1052 come

323 1073 418 1107 pare.
443 1074 462 1095 a
492 1061 670 1099 memoria,
697 1061 858 1094 modifica
883 1060 907 1093 il
934 1064 1023 1094 testo
1048 1059 1217 1094 d'Orazio.
1245 1059 1272 1093 ll
1297 1060 1401 1104 quale
1426 1060 1561 1094 altrove
1585 1061 1674 1104 (Sat.
1701 1061 1725 1097 l.
1751 1062 1805 1104 10,

323 1107 447 1149 50-51)
471 1107 591 1151 spiega
618 1106 642 1139 il
672 1106 878 1139 lutulentus
903 1116 968 1139 con
992 1107 1170 1148 ferentem
1190 1105 1307 1148 plura
1333 1106 1480 1149 quidem
1507 1105 1670 1140 tollenda
1695 1107 1805 1142 relin-

322 1153 491 1197 quendis,
525 1152 600 1185 cioe
629 1151 672 1184 (13
701 1150 892 1185 realmente
925 1161 944 1183 3
978 1150 1114 1185 Lucilio
1147 1150 1172 1184 il
1197 1149 1355 1189 biasimo,
1389 1151 1519 1184 sebben
1553 1150 1655 1192 lieve,
1682 1157 1804 1187 notato

322 1199 366 1232 da
390 1196 620 1239 Quintiliano,
646 1196 711 1229 che
737 1196 852 1240 percio
878 1195 1022 1229 afferma
1046 1207 1066 1229 a
1083 1196 1176 1230 buon
1194 1195 1313 1229 diritto
1339 1195 1372 1228 di
1398 1195 1582 1230 dissentire
1607 1197 1650 1230 da
1668 1196 1803 1232 Orazio.

323 1263 366 1268 --
391 1243 550 1277 eruditio
630 1243 740 1281 mira,
765 1240 837 1274 cosi
864 1240 888 1279 Ι,
912 1240 943 1279 6,
969 1240 1000 1279 9,
1038 1241 1071 1275 lo
1096 1241 1173 1274 dice
1206 1241 1310 1274 homo
1335 1241 1619 1275 eruditissimus.
1654 1241 1689 1276 Si
1722 1242 1803 1276 badi

322 1288 389 1322 che
416 1300 434 1320 ‹<
450 1287 651 1322 erudizione
668 1298 687 1318 »
722 1297 791 1320 non
819 1285 1043 1330 corrisponde
1077 1286 1345 1330 perfettarnente
1377 1297 1398 1318 3
1420 1286 1602 1324 eruditi&
1633 1293 1756 1331 questa
1783 1288 1803 1322 e

323 1334 490 1378 piuttosto
516 1332 548 1366 la
574 1336 691 1366 nostra
725 1343 743 1363 «
767 1331 904 1364 cultura
930 1344 961 1369 »,
995 1332 1077 1375 pero
1102 1331 1138 1364 in
1163 1341 1264 1364 senso
1297 1341 1400 1364 meno
1433 1331 1542 1376 largo.
1568 1350 1610 1359 -
1643 1333 1803 1372 libertas,

321 1390 353 1412 v.
379 1382 402 1420 ἓ
426 1378 470 1411 65
495 1389 526 1410 11.
556 1397 595 1401 υ
627 1377 805 1410 acerbitas
884 1376 983 1414 salis,
1012 1377 1129 1410 effetto
1154 1376 1266 1420 (inde)
1298 1375 1391 1409 della
1421 1387 1483 1409 sua
1515 1376 1732 1410 franchezzu.
1759 1397 1801 1403 —

321 1423 468 1458 abunde
491 1422 591 1461 salis,
615 1422 678 1456 cfr.
706 1421 804 1465 Yirg.
830 1420 912 1453 [En.
928 1420 1002 1461 vn,
1019 1421 1101 1454 552:
1129 1426 1313 1455 terrorum
1339 1427 1372 1454 et
1394 1421 1544 1464 fraudis
1569 1422 1716 1456 abunde
1740 1429 1802 1456 est.

321 1488 363 1494 ——
388 1468 548 1501 multum
621 1469 761 1505 tersior,
782 1467 941 1498 multum
965 1465 1020 1499 col
1045 1465 1284 1510 comparativo
1312 1465 1451 1509 (invece
1475 1466 1510 1499 (11
1535 1467 1678 1509 mullo),
1703 1478 1802 1502 accu-

321 1513 436 1548 sativo
461 1513 532 1546 alla
556 1523 677 1556 greca:
703 1511 774 1545 cosi
800 1514 822 1552 ,ξ
846 1510 906 1543 74;
933 1511 1167 1556 aliquatenus
1189 1511 1358 1544 lucidior.
1384 1512 1475 1555 App.
1500 1511 1576 1545 crit.
1603 1531 1645 1536 —
1670 1516 1801 1546 tersior

323 1569 486 1603 ...purus
510 1559 638 1601 magns,
664 1569 695 1590 v.
721 1559 744 1598 g
768 1557 810 1589 44
836 1567 869 1589 n.
895 1567 915 1589 a
940 1556 1081 1590 elatior.
1102 1576 1143 1581 —
1168 1558 1300 1590 tersior
1320 1567 1364 1589 ac
1384 1566 1517 1599 purus,
1542 1556 1579 1590 in
1595 1561 1803 1602 contrappo·

320 1604 451 1638 sizione
476 1615 496 1636 3
522 1603 736 1636 lutulentus.
762 1623 794 1626 -
832 1601 1019 1639 Horatius,
1051 1601 1088 1638 Q.
1118 1601 1272 1635 Flaccus
1307 1601 1360 1643 (Q.
1386 1601 1510 1635 Orazio
1547 1601 1698 1645 Flacco),
1731 1613 1802 1637 uno

321 1649 377 1683 dei
401 1648 573 1692 maggiori
602 1647 695 1692 poeti
721 1646 855 1681 romani
881 1657 900 1680 e
925 1657 986 1691 per
1011 1646 1097 1680 certi
1123 1646 1260 1691 rispetti
1291 1646 1314 1679 il
1345 1646 1458 1690 primo
1482 1657 1500 1680 e
1531 1658 1550 1680 3
1580 1647 1664 1690 ogni
1699 1647 1801 1682 modo

321 1694 514 1728 notissimo.
539 1693 683 1734 Nacque
708 1703 728 1725 3
753 1692 893 1726 Venosa
917 1692 973 1725 nel
998 1691 1138 1735 689s65,
1167 1691 1253 1725 mori
1287 1703 1308 1724 a
1337 1691 1451 1725 Roma
1489 1691 1545 1725 nel
1581 1691 1699 1734 74618.
1733 1692 1801 1726 Fra

321 1740 354 1774 le
378 1750 439 1773 sue
457 1738 573 1783 poesie
598 1741 863 1782 appartengono
887 1736 920 1770 31
937 1747 1067 1780 genere
1091 1737 1234 1770 satirico
1253 1736 1262 1769 i
1282 1737 1473 1770 Sermones
1498 1736 1586 1779 (cioe
1600 1737 1738 1775 Satire)
1762 1737 1798 1771 in

321 1785 388 1819 due
405 1784 497 1820 libri,
515 1784 547 1817 le
565 1782 764 1828 Epistulae,
782 1793 866 1826 pure
883 1782 920 1815 in
935 1782 1002 1815 due
1016 1781 1108 1822 libri,
1126 1792 1145 1815 e
1168 1781 1220 1826 gli
1236 1781 1362 1826 Epodz'.
1376 1781 1409 1814 di
1425 1781 1573 1815 01113313
1588 1782 1683 1816 detto
1696 1787 1798 1817 sotto.

320 1849 364 1856 -
388 1831 505 1863 nisi...
529 1839 655 1862 amore
679 1829 768 1865 eius,
795 1835 851 1861 *se
888 1826 1031 1861 l'amore
1056 1826 1089 1859 di
1118 1826 1168 1860 lui
1205 1837 1274 1860 non
1301 1827 1347 1859 1111
1374 1827 1409 1860 fa
1435 1826 1512 1860 velo
1530 1826 1560 1861 ‘2
1586 1827 1800 1863 similmente

321 1875 380 1915 Vl,
405 1875 437 1914 3,
462 1873 503 1907 3:
526 1885 652 1907 amore
676 1873 868 1906 immodico
898 1873 1092 1916 praecipui
1117 1873 1155 1905 in
1179 1872 1386 1916 eloquentia
1415 1874 1489 1905 viri
1524 1871 1721 1914 (Cicerone)
1747 1873 1801 1906 la-

322 1921 397 1954 bor.
413 1921 502 1964 App.
521 1919 597 1953 crit.
625 1939 663 1942 —
689 1919 923 1962 praecipuus,
949 1918 1002 1951 fra
1028 1917 1109 1950 tutti
1142 1917 1153 1950 i
1178 1916 1271 1962 poeti
1293 1917 1435 1951 satirici
1469 1917 1616 1956 romani,
1640 1917 1705 1952 che
1730 1929 1800 1952 nou

321 1976 406 1999 sono
432 1966 625 1999 solamente
649 1963 728 2007 quei
755 1962 857 2008 pochi
884 1962 949 1996 che
987 1963 1043 1995 noi
1069 1962 1310 1997 conosciamo:
1348 1961 1381 1995 13
1407 1961 1524 2002 satira,
1550 1962 1605 1996 dai
1633 1963 1739 2008 tempi
1764 1963 1799 1996 di

322 2012 482 2055 Augusto
508 2010 543 2043 in
571 2009 637 2053 poi,
662 2009 748 2043 ebbe
774 2007 873 2041 molti
899 2008 1024 2042 cultori
1050 2019 1068 2040 a
1095 2007 1219 2046 Roma,
1247 2007 1279 2041 le
1307 2007 1364 2041 cui
1389 2018 1494 2052 opere
1524 2007 1702 2042 andarono
1729 2019 1801 2052 per·

321 2056 415 2095 dine,
440 2066 497 2088 ma
522 2066 540 2088 3
567 2053 785 2095 Quintiliano
811 2052 990 2087 dovettero
1015 2063 1109 2086 esser
1134 2057 1225 2087 note.
1252 2072 1294 2077 —
1328 2063 1435 2086 verae
1464 2053 1618 2096 yloricze.
1650 2052 1799 2097 dipende

321 2101 364 2134 da
391 2101 575 2138 multum‚·
600 2099 858 2143 propriamente
883 2098 1044 2130 multum
1069 2104 1103 2131 et
1128 2108 1235 2132 verae
1255 2098 1399 2141 yloriae
1415 2113 1460 2126 =
1476 2098 1798 2142 multumylom’ae

321 2152 355 2180 et
378 2146 527 2190 quidem
551 2156 658 2179 verae
682 2144 832 2189 yloriae.
859 2163 900 2168 —
926 2145 1094 2187 quamvis
1120 2154 1191 2177 uno
1218 2143 1321 2180 libro,
1353 2142 1569 2177 costruzione
1600 2143 1750 2187 analoga
1776 2155 1796 2178 a

321 2193 489 2236 quamvis
515 2191 692 2225 bonorum
717 2189 773 2222 del
799 2192 821 2227 ,ξ
845 2188 906 2222 74:
932 2188 994 2221 cfr.
1020 2188 1053 2225 3,
1080 2189 1121 2221 5:
1155 2189 1245 2222 dum
1269 2189 1428 2232 diliqens
1459 2199 1477 2222 e
1503 2199 1535 2221 n.
1564 2207 1606 2212 —
1634 2188 1799 2229 Persius,

321 2238 364 2269 A.
393 2236 549 2270 Flaccus
573 2236 631 2276 (A.
657 2234 777 2268 Persio
804 2234 954 2275 Flacco),
979 2233 1013 2266 di
1040 2232 1213 2273 Yolterra,
1238 2238 1319 2267 nato
1356 2233 1380 2266 il
1416 2233 1472 2271 34.
1504 2237 1615 2267 morto
1650 2233 1672 2266 il
1697 2233 1741 2266 62
1765 2233 1798 2267 d.

320 2281 376 2315 Cr.
403 2281 438 2315 Si
464 2290 681 2315 conservano
707 2279 740 2312 di
766 2279 815 2312 lui
841 2279 889 2312 sei
916 2278 1022 2312 satire
1048 2278 1199 2312 raccolte
1225 2278 1259 2312 in
1287 2290 1331 2312 un
1357 2278 1431 2312 solo
1455 2277 1543 2312 libro
1566 2282 1653 2314 (uno
1679 2279 1799 2319 libro).

321 2329 488 2360 ritoccate
512 2336 531 2360 e
558 2324 756 2369 pubblicate
782 2324 871 2368 dopo
896 2323 930 2357 la
955 2335 1018 2357 sua
1045 2328 1154 2357 niorto.
1179 2323 1222 2356 (13
1255 2323 1409 2357 Cornuto
1440 2335 1458 2357 e
1488 2323 1531 2357 (13
1563 2322 1664 2357 Cesio
1691 2322 1798 2357 Basso

319 2374 366 2413 (v.
386 2376 475 2405 sotto
493 2374 515 2413 ἓ
533 2370 601 2413 96).
615 2389 658 2396 -
675 2375 762 2403 sunt
777 2370 872 2402 clari
889 2369 1076 2413 hodieque.
1095 2368 1166 2401 cosi
1185 2374 1207 2407 ᾗ·
1227 2368 1289 2401 122
1305 2381 1311 2400 ;
1337 2375 1422 2402 sunt
1485 2379 1630 2401 summa
1647 2367 1753 2402 hodie

321 2418 467 2459 incenia
484 2428 494 2455 ‚·
519 2427 588 2460 que
612 2414 773 2460 equivale
798 2426 816 2447 3
834 2425 976 2458 quoque
993 2415 1069 2448 (cfr.
1089 2420 1110 2452 ,ξ
1133 2414 1208 2447 104:
1236 2421 1322 2447 sunt
1338 2420 1371 2447 ee
1394 2414 1462 2447 alii
1477 2415 1671 2457 scriptores
1689 2414 1798 2456 boni),

321 2474 357 2495 se
383 2473 467 2505 pure
493 2472 561 2495 non
587 2461 606 2495 ὲ
632 2461 668 2494 111
693 2459 927 2494 correlnzione
952 2459 1004 2493 col
1028 2465 1196 2501 seg-mente
1223 2465 1266 2496 ιί.
1295 2460 1353 2492 nel
1386 2459 1468 2503 qual
1501 2469 1581 2492 caso
1617 2469 1798 2493 nvremmo

320 2519 366 2540 1111
394 2507 494 2540 ruodo
519 2506 669 2550 analogo
694 2505 728 2539 31
754 2516 868 2549 greco,
893 2505 1153 2538 comunissium.
1174 2516 1250 2539 τε...
1271 2507 1336 2539 καὶ.
1356 2524 1395 2529 —-
1415 2504 1513 2542 olim,
1533 2503 1669 2537 riferito
1685 2504 1717 2537 al
1745 2504 1798 2537 fu-

322 2558 420 2589 turo:
448 2563 515 2585 non
541 2553 721 2596 snppiamo
746 2562 765 2583 3
791 2550 846 2582 vbi
873 2549 1092 2590 Quintiliano
1120 2550 1259 2584 intenda
1278 2549 1446 2587 alludere,
1463 2554 1558 2582 certo
1583 2560 1650 2583 non
1677 2562 1696 2582 3
1722 2549 1799 2583 Gio-

321 2596 455 2636 venale,
481 2597 514 2630 di
540 2598 597 2630 cui
623 2596 654 2630 la
682 2595 792 2640 prima
819 2595 925 2629 satira
956 2595 973 2628 ὁ,
1005 2595 1194 2639 posteriore
1226 2595 1258 2628 di
1293 2595 1409 2629 alcuni
1441 2593 1523 2627 311111
1550 2593 1717 2639 nll'opera
1741 2593 1798 2629 del
