1887 2901
253 418 297 452 28

253 868 297 901 29

327 121 401 165 114
823 140 955 168 cAPu‘r
985 140 1056 167 vri⁴
1090 131 1111 177 ξ
1139 128 1297 167 28-29

322 210 461 254 Cicero
479 212 653 254 Brutum
675 213 802 255 facere
819 213 958 264 tradit,
975 226 1115 267 operae
1132 214 1182 255 ad
1197 216 1454 258 scribendum
1486 217 1558 258 aut
1577 216 1796 272 legendum

322 278 395 318 aut
424 277 639 319 dicendum
673 279 759 332 rapi
790 278 930 332 aliquo
959 280 1162 321 momento
1192 281 1385 337 temporis
1415 283 1560 336 possit:
1592 283 1795 336 siquidem

322 340 365 382 C.
398 340 526 384 Carbo
556 342 681 383 etiam
711 342 753 383 in
784 343 1045 386 tabernaculo
1075 344 1231 386 solebat
1249 345 1325 387 hac
1347 347 1407 387 uti
1430 347 1714 389 exercitatione
1735 347 1797 388 di-

321 405 449 447 cendi.
481 406 540 448 Ne
571 406 613 447 id
635 407 800 460 quidem
822 408 1039 450 tacendum
1061 411 1134 459 est,
1157 409 1262 462 quod
1284 409 1414 452 eidem
1445 410 1627 453 Ciceroni
1648 411 1796 466 placet,

321 471 483 512 nullum
514 472 696 513 nostrum
718 485 888 526 usquam
911 474 1192 528 neglegentem
1214 486 1297 516 esse
1319 487 1562 517 sermonem:
1595 476 1796 530 quidquid

320 535 534 588 loquemur
564 536 826 590 ubicumque,
858 538 912 579 sit
941 550 1011 592 pro
1041 551 1115 579 sua
1149 539 1306 581 scilicet
1349 540 1527 593 portione
1558 540 1794 594 perfectum.

322 599 589 642 Scribendum
620 603 726 643 certe
758 615 983 655 numquam
1013 605 1074 645 est
1107 604 1249 659 magis,
1281 617 1404 657 quam
1445 616 1537 647 cum
1572 605 1706 647 multa
1735 605 1797 646 di-

320 677 457 707 cemus
487 678 532 707 ex
561 667 752 720 tempore.
787 667 848 708 Ita
878 668 986 708 enim
1017 669 1244 709 servabitur
1265 669 1418 723 pondus
1438 670 1480 710 et
1507 669 1696 712 innatans
1721 670 1796 712 illa

320 730 532 771 verborum
563 730 741 772 facilitas
770 731 812 771 in
852 731 982 773 altum
1025 732 1251 784 reducetur,
1283 734 1390 775 sicut
1423 733 1566 775 rustici
1595 735 1797 788 proximas

320 795 416 836 vitis
448 795 602 837 radices
632 798 859 850 amputant,
891 810 994 850 quae
1025 798 1141 839 illam
1173 799 1214 840 in
1237 811 1445 840 summum
1466 798 1598 840 solum
1627 798 1796 851 ducunt,

323 860 369 901 ut
397 859 605 902 inferiores
648 861 810 914 penitus
855 862 1127 905 descendendo
1172 863 1396 905 firmentur,
1429 864 1487 904 Ac
1518 863 1651 905 nescio
1681 875 1729 904 an
1761 863 1796 905 si

322 927 542 979 utrumque
572 939 666 967 cum
698 939 795 968 cura
839 930 879 969 et
923 928 1058 970 studio
1104 929 1330 979 fecerimus,
1361 928 1536 970 invicem
1581 927 1720 982 prosit,
1751 930 1797 970 ut

322 990 532 1032 scribendo
562 991 747 1033 dicamus
777 992 1030 1047 diligentius,
1053 993 1220 1036 dicendo
1242 994 1467 1035 scribamus
1497 993 1673 1034 facilius.
1696 991 1798 1034 Scri-

321 1054 498 1096 bendum
529 1069 624 1111 ergo
654 1057 839 1110 quotiens
870 1058 1037 1106 licebit;
1068 1059 1101 1100 si
1132 1058 1174 1099 id
1205 1071 1279 1100 non
1312 1058 1490 1108 dabitur,
1512 1057 1796 1113 cogitandum:

321 1119 372 1161 ab
403 1122 574 1174 utroque
604 1121 755 1163 exclusi
787 1122 933 1164 debent
964 1125 1099 1165 tamen
1130 1123 1172 1164 id
1202 1123 1371 1171 efficere,
1414 1125 1461 1164 ut
1495 1135 1624 1176 neque
1664 1121 1797 1176 depre-

322 1186 470 1227 hensus
500 1188 631 1227 orator
661 1199 790 1241 neque
820 1187 1006 1243 litigator
1036 1188 1257 1230 destitutus
1287 1201 1371 1230 esse
1393 1187 1591 1230 videatur.

319 1272 402 1313 cosi,
426 1273 661 1318 guadagnate,
686 1274 826 1313 lucrosi,
852 1276 1074 1320 profittevoli.
1099 1276 1314 1321 Comunque,
1351 1276 1556 1321 l·aggettivo
1582 1274 1798 1314 lucratione,

318 1317 384 1351 che
409 1319 437 1351 si
464 1323 562 1352 trova
585 1319 699 1354 anche
716 1320 752 1353 in
777 1320 847 1353 Cic.
873 1322 936 1363 (ad
961 1322 1034 1354 Act.
1061 1320 1135 1361 Vll,
1161 1322 1213 1361 11,
1241 1324 1274 1354 1:
1293 1323 1331 1355 in
1346 1322 1409 1355 zlto
1424 1322 1604 1355 lucrativo
1622 1326 1683 1354 tuo
1699 1321 1798 1361 sole),

319 1363 338 1396 e
364 1363 622 1408 propriamente
648 1376 695 1398 un
721 1366 868 1399 termine
893 1365 1018 1410 legale,
1044 1367 1222 1400 conforme
1247 1366 1370 1400 risulta
1395 1366 1438 1400 da
1453 1366 1541 1400 varii
1567 1365 1690 1410 luoghi
1706 1365 1798 1399 delle

320 1407 512 1448 Pandette,
537 1420 555 1442 e
581 1409 625 1443 ha
651 1415 805 1454 appunto
831 1410 854 1443 il
880 1411 1080 1455 significato
1116 1411 1150 1444 di
1187 1416 1194 1429 ⁸
1213 1411 1432 1456 profittevole
1450 1411 1470 1445 ¹.
1497 1430 1541 1436 —
1573 1416 1615 1443 ut
1640 1411 1796 1445 Cicero...

321 1454 446 1493 tradit,
472 1456 525 1488 cio
550 1465 619 1488 non
644 1455 725 1489 vuol
751 1455 824 1489 dire
849 1455 915 1489 che
951 1455 1170 1496 Quintiliano
1205 1456 1348 1490 intenda
1380 1456 1488 1490 citare
1513 1467 1531 1490 e
1556 1465 1742 1490 nemmeno
1766 1455 1796 1488 si

319 1498 484 1532 richiami
509 1511 529 1532 a
554 1511 600 1533 un
617 1511 719 1545 passo
733 1499 767 1533 di
781 1500 960 1541 Cicerone,
972 1512 1036 1535 ove
1055 1501 1231 1535 ricorrano
1245 1501 1278 1535 le
1295 1501 1414 1546 parole
1433 1502 1638 1535 lucr-ativae
1653 1511 1796 1544 operae,

318 1543 435 1577 allude
460 1544 612 1578 soltanto
636 1557 655 1578 a
682 1556 728 1578 un
754 1545 857 1589 luogo
883 1546 916 1579 di
943 1545 1002 1585 lui,
1028 1546 1051 1579 il
1077 1546 1180 1591 quale
1205 1547 1234 1580 e.
1271 1557 1372 1580 senza
1409 1546 1549 1585 dubbio,
1578 1545 1603 1580 il
1627 1551 1797 1590 seguente

317 1587 437 1631 (Orat.
465 1589 516 1629 10,
541 1590 617 1632 34):
642 1592 718 1623 iam
742 1597 922 1635 qnantum
947 1591 1044 1624 illuc!
1061 1598 1121 1629 est.
1139 1592 1236 1636 qnod
1254 1593 1292 1625 in
1312 1593 1484 1625 maximis
1496 1591 1794 1635 occupationibus

317 1644 521 1678 numquam
545 1637 760 1669 intermittis
783 1636 905 1669 studia
930 1636 1127 1677 doctrinae,
1152 1648 1294 1681 semper
1311 1644 1376 1669 auc
1393 1639 1468 1681 ipse
1492 1637 1620 1676 scribis
1637 1636 1794 1681 aliquid,

318 1685 383 1712 aut
395 1690 453 1713 me
469 1691 570 1714 vocas
587 1681 636 1713 ad
648 1681 892 1714 scribendam.
909 1700 950 1706 —
968 1688 1034 1714 aut
1051 1681 1258 1725 leyendum,
1274 1684 1362 1727 App.
1379 1682 1455 1716 crit.
1473 1701 1516 1708 -·
1534 1681 1567 1715 C.
1580 1681 1708 1721 Carbo,
1727 1680 1796 1714 Pa-

315 1724 503 1768 pirius(C.
534 1725 676 1770 Papirio
693 1725 879 1767 Carbone),
903 1726 1044 1760 console
1074 1726 1129 1760 nel
1158 1727 1316 1770 6341120,
1346 1728 1405 1770 gia
1433 1726 1632 1771 partigiano
1657 1724 1692 1758 di
1718 1725 1795 1775 Τὼ,

319 1770 468 1809 Gracco;
482 1771 519 1804 fu
535 1775 639 1804 tratto
653 1771 688 1804 in
703 1770 855 1815 giurlizio
880 1771 923 1804 da
942 1771 977 1804 L.
999 1771 1134 1806 Licinio
1151 1771 1276 1805 Crasso
1295 1774 1340 1814 (v.
1366 1771 1399 1812 3,
1417 1772 1450 1814 1)
1467 1782 1498 1811 e,
1515 1771 1752 1810 condannato,
1765 1780 1795 1803 ει

317 1815 417 1849 diede
431 1815 463 1849 la
483 1820 604 1850 morte.
624 1815 696 1850 Cic.
723 1817 848 1859 (Brut.
862 1816 916 1855 27,
938 1815 1014 1859 103)
1039 1816 1071 1851 lo
1081 1817 1158 1850 dice
1183 1828 1349 1851 summus
1361 1823 1488 1851 orator
1502 1827 1521 1851 e
1539 1816 1718 1861 aggiunge
1734 1815 1796 1858 (ib.

319 1859 398 1904 105>
414 1860 450 1894 in
464 1861 542 1896 lode
551 1861 586 1894 di
599 1861 650 1894 lui
663 1867 784 1906 queste
799 1861 936 1906 parole:
953 1862 1179 1896 industrium
1196 1864 1307 1897 etiam
1320 1869 1354 1896 et
1369 1862 1583 1905 diliqentem
1599 1865 1634 1895 et
1643 1861 1681 1894 in
1694 1871 1794 1895 exer·

316 1907 548 1941 citationibus
573 1908 1006 1950 commentationibusque
1030 1907 1191 1941 multum
1216 1919 1347 1952 operae
1378 1907 1528 1941 solitum
1553 1917 1627 1941 esse
1647 1915 1795 1956 ponere.

316 1950 389 1984 Cfr.
432 1951 545 1986 anche
569 1953 615 1986 de
645 1951 744 1985 Orac.
772 1951 796 1990 Ι,
832 1952 885 1990 34,
923 1951 997 1986 154.
1039 1972 1081 1978 —
1122 1955 1159 1986 in
1193 1953 1452 1992 tabernaculo,
1488 1956 1611 1997 questa
1648 1955 1797 1996 partico-

316 1995 420 2030 lai-ita
445 2008 514 2031 non
539 1997 571 2031 ci
597 1997 615 2031 e
640 1997 832 2031 altrimenti
871 2002 963 2031 nota.
1000 2018 1042 2022 —
1106 1999 1202 2033 28.
1234 1999 1404 2037 Ciceroni,
1445 1998 1480 2031 in
1517 2007 1669 2032 nessuna
1703 1994 1796 2030 delle

315 2051 420 2086 opere
443 2042 508 2076 che
534 2043 774 2077 conserviamo
799 2042 833 2076 di
859 2042 906 2075 lui
932 2042 961 2076 si
988 2047 1085 2077 trova
1116 2043 1245 2077 traceia
1270 2044 1302 2077 di
1331 2054 1399 2077 una
1435 2042 1551 2077 simile
1585 2041 1752 2087 opinione
1774 2051 1797 2075 ο

316 2086 497 2131 consiglio.
524 2107 564 2112 -—
598 2089 741 2122 scilicet.
779 2087 803 2120 il
841 2092 957 2122 nostro
983 2093 991 2105 ⁶
1008 2087 1074 2122 hen
1112 2088 1224 2123 inteso
1242 2089 1250 2099 ⁹
1274 2100 1294 2123 o
1319 2088 1512 2123 ‘s‘intende
1530 2087 1549 2122 ².
1585 2107 1618 2112 —
1639 2086 1796 2132 pondus,

316 2138 324 2150 ⁶
343 2132 527 2172 solidita';
552 2145 583 2166 v.
615 2134 640 2172 1,
667 2133 749 2167 130:
776 2144 902 2167 rerum
933 2134 1109 2177 pondera.
1145 2153 1188 2160 —
1224 2136 1409 2173 innatans,
1437 2133 1708 2178 «galleggiante
1720 2143 1753 2174 ›‚
1777 2141 1797 2165 e

318 2177 438 2222 quindi
464 2182 472 2196 ‘
490 2178 710 2222 superficiale
731 2179 754 2210 'z
780 2179 798 2212 e
824 2179 942 2222 parola
969 2183 1067 2212 usata
1093 2180 1418 2214 metaforicamente
1454 2178 1567 2213 anche
1596 2177 1670 2218 Vll,
1689 2177 1718 2218 1,
1742 2176 1797 2210 44:

318 2223 406 2256 haec
426 2223 522 2257 velut
539 2225 746 2257 innatantia
768 2224 948 2258 videbunt.
966 2226 1052 2269 App.
1071 2225 1146 2258 crit.
1169 2244 1207 2249 -
1222 2225 1395 2269 filcilitas,
1414 2225 1558 2270 rispetto
1579 2235 1599 2257 a
1613 2225 1797 2276 innatans.

318 2268 337 2302 e
354 2273 362 2286 ⁴
381 2267 615 2313 leggerezza'.
641 2288 683 2295 -
709 2271 745 2302 in
764 2269 883 2302 altum
898 2286 940 2298 -Ξ
957 2271 995 2303 in
1017 2271 1262 2313 profundum.
1295 2272 1547 2315 —proximas,
1572 2275 1580 2287 ‘
1595 2269 1626 2302 le
1652 2267 1764 2313 prime
1785 2290 1796 2305 ,

319 2312 384 2347 che
409 2324 507 2348 come
534 2314 595 2347 tali
621 2325 705 2348 sono
732 2314 762 2348 le
780 2315 837 2359 piu
867 2315 979 2349 vicine
1004 2314 1036 2348 al
1063 2315 1171 2350 ¹<uolo
1193 2336 1227 2340 —
1249 2328 1436 2349 summum
1453 2315 1587 2356 solum,
1607 2314 1640 2348 la
1656 2319 1797 2362 ‘supobss

320 2358 425 2397 ficie';
451 2359 513 2392 cfr.
540 2359 571 2399 3,
595 2359 638 2392 2:
663 2371 685 2393 α
709 2370 851 2393 summo
877 2372 895 2394 c
922 2372 952 2394 n.
979 2360 1037 2394 ivi.
1067 2380 1105 2385 —-
1187 2362 1249 2396 291
1279 2363 1394 2408 nescio
1411 2372 1470 2398 an.
1490 2372 1520 2393 v.
1545 2359 1578 2399 6,
1605 2361 1719 2401 len-3
1735 2366 1795 2409 qu}

321 2405 403 2448 pero
422 2404 501 2448 puoi
517 2405 675 2439 tradurrc
693 2404 960 2440 letteralniente.
977 2408 1030 2450 Ap
1060 2407 1155 2439 .crit.
1178 2427 1218 2430 ἡ»
1236 2413 1443 2451 utrumqne,
1458 2406 1533 2440 cioe
1547 2406 1697 2440 dices-ee
1713 2413 1798 2436 sort-

322 2451 412 2482 bere.
442 2469 477 2473 —
507 2451 756 2494 coyitandum,
783 2451 956 2495 premetti,
972 2418 1194 2491 trahi-endo,
1214 2457 1222 2471 ⁴
1239 2451 1378 2486 alnieno
1392 2451 1411 2485 ’.
1427 2472 1468 2476 -
1487 2452 1524 2485 ιἰΙ
1540 2450 1687 2496 efficere,
1706 2448 1797 2492 App·

320 2493 397 2527 crit.
417 2513 456 2518 —
474 2495 519 2528 ab
534 2501 688 2540 utroque
704 2495 855 2533 exclusi,
874 2496 1020 2537 intendi,
1037 2497 1176 2541 quando
1195 2508 1262 2532 non
1281 2497 1330 2530 sia
1348 2496 1512 2542 possibile
1536 2496 1609 2530 fare
1634 2493 1677 2527 ne
1702 2492 1797 2526 l'una

322 2538 365 2572 ne
380 2538 495 2573 l‘altra
513 2551 602 2574 cosa.
619 2561 660 2565 —
676 2541 934 2587 deprehensns.
958 2547 967 2561 ‘
985 2553 1144 2587 sorprcso
1163 2542 1192 2577 ‘2
1218 2544 1279 2577 cfr.
1311 2542 1340 2577 1,
1359 2542 1413 2582 41,
1429 2552 1448 2577 e
1466 2539 1545 2579 xil.
1559 2539 1592 2577 9,
1616 2537 1679 2572 20:
1694 2548 1796 2571 num-

321 2595 672 2664 quazm108ppressum
696 2598 734 2621 se
757 2599 799 2621 ac
823 2587 1092 2631 deprehensum
1128 2589 1250 2623 credet
1275 2595 1413 2623 orator.
1441 2606 1478 2613 ——
1504 2596 1579 2621 esse
1616 2585 1799 2624 videatur,

323 2639 355 2663 v.
381 2636 387 2643 ·
404 2655 412 2669 ‚
506 2641 538 2665 n.
