1887 2901
680 150 811 178 nnn-1·
840 152 866 177 1.
897 141 917 186 ξ
952 139 1102 176 17-18
1581 136 1609 173 9

136 228 206 282 qui
237 227 339 269 dicit
366 224 514 280 spiritu
543 226 643 279 ipso,
674 238 744 266 nec
774 225 954 278 imagine
984 226 1025 265 et
1046 223 1203 264 ambitu
1228 235 1377 270 rerum,
1398 221 1465 262 sed
1488 221 1607 262 rebus

135 292 327 334 incendit.
358 291 515 331 Vivunt
544 290 679 330 omnia
709 289 817 330 enim
848 290 889 330 et
921 289 1142 334 moventur,
1173 287 1476 340 excipimusque
1508 298 1609 327 nova

137 356 213 398 illa
241 356 354 398 velut
383 354 589 396 nascentia
633 366 724 394 cum
772 354 903 394 favore
939 365 984 394 ao
1014 351 1302 393 sollicitudine.
1334 350 1417 391 Nee
1448 350 1609 390 fortuna

139 420 254 462 modo
283 419 441 469 iudicii,
470 418 539 460 sed
569 419 693 459 etiam
723 418 902 472 ipsorum
925 417 994 471 qui
1021 419 1136 458 orant
1171 417 1349 469 periculo
1380 415 1606 456 adficimur.

138 486 304 526 Praeter
333 484 432 525 haec
454 496 538 530 voit,
561 484 666 524 actio
696 483 850 531 decora,
876 481 1188 530 accommodata,
1220 481 1266 521 ut
1296 480 1467 533 quisque
1497 479 1609 520 locus

138 549 374 604 postulabit,
405 547 707 601 pronuntiandi,
741 547 801 589 vel
833 547 1113 600 potentissima
1142 546 1182 586 in
1215 544 1394 592 dicendo,
1424 543 1526 584 ratio
1557 544 1609 592 et,

138 616 187 656 ut
215 613 339 655 semel
370 612 516 659 dicam,
549 612 700 665 pariter
719 611 852 653 omnia
884 611 1037 653 docent.
1066 612 1111 651 In
1136 610 1306 651 lectione
1328 609 1478 650 certius
1509 606 1610 648 iudi-

138 679 263 728 cium,
294 677 396 731 quod
431 677 611 718 audienti
644 677 873 730 frequenter
903 677 974 717 aut
1004 688 1100 717 suus
1130 675 1276 728 cuique
1308 674 1417 714 favor
1447 674 1519 713 aut
1540 672 1611 712 ille

137 742 396 784 laudantium
428 742 580 782 elamor
610 743 831 794 extorquet.
865 741 996 782 Pudet
1035 741 1141 781 enim
1174 739 1398 786 dissentire,
1429 739 1470 779 et
1500 737 1613 778 velut

138 807 265 849 tacita
295 806 469 860 quadam
502 805 742 848 verecundia
786 806 1019 847 inhibemur
1050 806 1141 859 plus
1172 805 1285 846 nobis
1316 803 1487 853 credere,
1519 814 1611 844 cum

143 937 253 962 aveva
278 927 336 971 gia
361 937 518 971 espresso
543 926 567 959 il
586 926 774 960 medesimo
798 930 957 960 concetto
981 925 1012 958 di
1031 925 1175 966 Quintil.
1202 924 1332 957 usando
1363 924 1394 957 la
1424 922 1612 956 medesima

144 971 286 1016 parola:
305 977 432 1006 carent
450 972 536 1006 libri
560 973 736 1015 spiritu
763 971 836 1006 illo.
851 977 1002 1014 propter
1018 981 1123 1014 quem
1144 971 1283 1002 maiora
1302 969 1424 1002 eadem
1447 968 1511 1001 illa
1529 979 1612 1002 cum

143 1023 320 1061 aguntur,
345 1028 457 1061 quam
481 1028 563 1050 cum
591 1017 776 1058 lequntur,
802 1017 919 1049 videri
943 1016 1065 1049 solent.
1094 1035 1134 1039 —-
1158 1016 1318 1059 imayine
1342 1021 1375 1047 et
1398 1014 1538 1047 ambitu
1562 1023 1614 1046 re-

144 1074 244 1102 rum,
269 1063 360 1106 App.
385 1061 461 1095 crit.
486 1081 529 1087 —
553 1062 704 1099 ambitu,
729 1062 740 1094 i
764 1060 978 1095 ‘cont01·ni'.
1004 1080 1045 1084 —
1071 1061 1200 1093 vivunt
1235 1061 1358 1093 omnia
1395 1060 1502 1097 enim,
1528 1058 1611 1097 cosi,

144 1117 206 1151 per
229 1106 284 1141 cib
308 1106 375 1140 che
400 1105 564 1149 riguarda
590 1105 622 1139 la
648 1105 822 1150 posizione
858 1105 1050 1143 ‹lell’enim,
1087 1108 1108 1145 ἕ
1135 1105 1196 1137 14:
1223 1116 1295 1138 non
1324 1115 1464 1148 semper
1490 1105 1612 1140 enim,-

144 1152 208 1185 cfr.
232 1150 304 1185 Cic.
329 1151 378 1184 ad
404 1153 476 1184 Att.
503 1150 597 1189 XIV,
621 1150 653 1189 6,
684 1151 721 1183 1;
756 1151 878 1184 odiosa
915 1151 982 1183 illa
1017 1152 1113 1183 enim
1137 1151 1298 1193 fuerant.
1337 1169 1379 1175 —-
1416 1150 1545 1181 vivunt
1579 1153 1611 1181 et

142 1203 346 1236 moventur,
372 1200 525 1240 appunto
551 1195 678 1240 perche
703 1195 856 1228 animate
891 1197 1023 1239 spiritu
1050 1197 1135 1236 ipso.
1173 1215 1215 1219 —-
1252 1206 1344 1227 nova
1370 1194 1448 1232 illa,
1473 1193 1505 1227 le
1533 1204 1612 1226 cose

142 1241 237 1275 (lette
272 1252 291 1274 a
327 1240 408 1274 viva
434 1251 527 1274 voce.
554 1260 594 1265 ——-
620 1242 816 1279 nascentia,
842 1240 885 1273 113
913 1240 1028 1273 valore
1065 1240 1218 1273 assoluto
1242 1240 1274 1272 di
1302 1243 1480 1284 presente:
1510 1244 1517 1257 ⁶
1534 1238 1613 1273 ...in

141 1285 224 1330 quel
248 1291 367 1330 punto,
391 1285 428 1318 in
453 1285 533 1329 quel
558 1289 743 1324 momento,
770 1285 907 1329 propi-io
933 1285 1040 1318 allora
1059 1285 1076 1316 ’.
1104 1285 1170 1318 Pei·
1194 1285 1217 1317 il
1244 1285 1403 1328 pensiero
1428 1284 1490 1317 cfr.
1515 1284 1546 1319 3,
1570 1283 1612 1315 7:

142 1331 266 1365 omnia
301 1331 398 1364 enim
434 1336 570 1367 nostra,
595 1331 684 1363 dum
709 1336 924 1364 nascuntur.
953 1330 1107 1373 placent.
1135 1350 1173 1354 —
1206 1331 1334 1372 favore
1367 1340 1410 1362 ac
1445 1328 1612 1362 sollicitu-

143 1376 241 1415 dine,
268 1374 297 1408 si
323 1375 489 1408 riattacca
514 1385 533 1407 a
559 1376 777 1418 excipimus3
803 1374 937 1408 traduci
964 1375 995 1407 la
1021 1375 1132 1419 prima
1159 1374 1277 1418 parola
1302 1385 1365 1407 con
1402 1373 1615 1416 l'aggettivo

143 1419 438 1464 corrispondente,
463 1419 718 1464 soppriinend0‚
742 1420 808 1453 ben
833 1420 956 1459 inleso,
981 1430 1032 1452 ac.
1052 1440 1093 1443 —-
1117 1421 1280 1462 fortuna,
1306 1424 1313 1437 ⁶
1329 1418 1472 1456 l'esito'.
1490 1429 1508 1452 e
1533 1429 1614 1454 non,

142 1475 242 1499 come
266 1464 347 1498 altri
371 1464 506 1509 spiega.
523 1465 587 1497 «le
613 1464 784 1508 peripezie
809 1463 862 1498 del
890 1475 1049 1509 processo
1063 1477 1092 1495 ».
1122 1484 1158 1489 —
1181 1465 1359 1508 periculo.
1383 1463 1555 1497 dall'esito
1579 1463 1614 1495 di

143 1520 214 1543 una
239 1520 344 1543 causa
372 1511 440 1553 pub
471 1509 658 1554 dipendere
693 1509 724 1542 la
750 1510 890 1543 fortuna
917 1509 948 1541 di
982 1509 1038 1542 chi
1077 1509 1109 1541 la
1146 1509 1307 1543 sostiene.
1337 1528 1379 1535 —
1406 1508 1614 1552 adficimur,

143 1559 152 1574 ‘
167 1553 442 1589 c'interessiamo
457 1554 475 1586 '.
501 1574 541 1579 —
589 1555 642 1588 17.
668 1557 771 1592 actio,
788 1555 843 1588 nel
863 1565 963 1588 senso
981 1554 1133 1587 risu-etto
1151 1554 1183 1586 di
1199 1560 1343 1596 qestaae
1368 1553 1404 1586 in
1428 1564 1530 1587 senso
1555 1553 1613 1597 pisi

144 1599 244 1644 largo
279 1599 298 1634 e
334 1598 507 1633 sinonimo
540 1598 573 1631 di
610 1600 875 1643 pronuntiatio.
912 1599 981 1632 Cfr.
1012 1599 1073 1636 Xl,
1099 1598 1129 1637 3,
1157 1599 1196 1631 1:
1232 1599 1556 1643 pronuntiatio
1593 1610 1611 1629 (1

135 1644 328 1689 plerisque
351 1645 469 1678 actio
501 1644 651 1684 dicitur,
690 1645 753 1678 sed
779 1646 888 1688 prius
924 1655 1054 1678 nomen
1091 1655 1112 1676 a
1149 1655 1241 1682 voce,
1276 1654 1427 1688 sequens
1455 1655 1477 1677 a
1509 1650 1615 1687 yestu

142 1689 291 1723 videtur
313 1690 501 1732 accipere‚·
537 1700 696 1733 namque
733 1691 912 1723 actionem
941 1688 1061 1723 Cicero
1086 1688 1180 1722 alias
1205 1691 1336 1733 quasi
1369 1699 1614 1722 sermonem

143 1734 239 1768 alias
273 1734 580 1778 eloquentiam
617 1735 853 1778 quamdam
879 1735 1088 1778 corporis
1113 1734 1210 1767 dicit.
1248 1733 1346 1768 Idem
1374 1740 1493 1767 tamen
1521 1733 1615 1766 duas

143 1779 223 1813 eius
251 1784 379 1823 partes
414 1780 516 1822 facit,
541 1790 636 1823 quae
671 1786 756 1812 sunt
790 1779 935 1813 eaedem
964 1780 1288 1822 pronuntiationis.
1328 1790 1472 1813 vocem
1507 1783 1616 1822 atque

143 1829 318 1857 motum.
349 1823 578 1867 Quapropter
616 1829 774 1868 utraque
812 1824 1055 1867 appellatione
1090 1824 1345 1868 indifferenter
1369 1825 1423 1857 uti
1456 1824 1546 1857 licet.
1573 1842 1615 1847 —

144 1869 451 1913 ut...postulabit,
476 1868 612 1902 riferito
630 1868 821 1902 solamente
838 1869 879 1901 ad
898 1870 1178 1902 accommodata.
1200 1871 1285 1912 App.
1305 1869 1380 1902 crit.
1399 1888 1442 1894 —
1455 1878 1618 1911 pronun-

146 1914 267 1946 tiandi
287 1915 394 1952 ratio,
418 1913 437 1947 e
462 1913 515 1947 cio
540 1913 605 1947 che
632 1913 688 1947 noi
706 1913 855 1947 diciamo
875 1926 892 1945 «
911 1913 933 1946 il
959 1913 1060 1947 modo
1077 1913 1110 1946 di
1131 1924 1275 1957 poi-gere
1289 1925 1320 1946 »ε
1339 1925 1369 1947 v.
1388 1913 1459 1947 Cic.
1478 1913 1522 1946 de
1539 1912 1615 1945 Inv.

146 1958 170 1993 1.
193 1958 226 1997 7,
250 1957 293 1991 9:
313 1959 569 2002 pronuntiatio
593 1964 648 1992 est
715 1960 806 1992 vocis
830 1965 863 1992 et
887 1960 1049 2002 corporis
1075 1959 1284 1991 moderatio.
1302 1976 1356 1984 —·
1371 1959 1437 1992 vel.
1452 1957 1616 1991 acc-resci-

145 2003 218 2036 tivo
242 2002 387 2047 rispetto
411 2014 430 2036 a
446 2005 706 2046 potentissima.
733 2023 768 2028 -
799 2004 919 2041 semel,
944 2003 1001 2036 ‘in
1027 2004 1131 2035 breve
1146 2003 1164 2038 ⁸.
1182 2003 1240 2036 ‘in
1258 2003 1369 2045 poche
1395 2002 1514 2046 parole
1529 2002 1547 2033 ⁸.
1573 2021 1616 2026 —-

145 2049 185 2080 in
211 2047 360 2081 lectione
425 2054 625 2092 extorquet,
650 2059 669 2081 3
689 2048 833 2082 rendere
848 2049 903 2092 piu
921 2048 1060 2081 fondato
1073 2050 1234 2087 (certius)
1246 2048 1268 2080 il
1283 2048 1436 2092 giudizio
1449 2057 1616 2081 concorre

145 2093 258 2126 anche
283 2092 307 2125 il
334 2093 421 2126 fatto
437 2092 503 2126 che
521 2093 576 2125 ncl
595 2093 736 2136 leggere
750 2093 778 2125 si
795 2093 837 2126 ha
854 2093 1012 2137 maggior
1031 2093 1111 2137 agio
1125 2104 1143 2126 a
1159 2104 1314 2137 pensare.
1330 2113 1372 2118 —
1385 2104 1473 2126 suus
1486 2094 1617 2136 cuique

144 2139 263 2181 favor,
288 2137 324 2170 in
348 2138 437 2171 altre
464 2138 590 2182 parole,
616 2138 647 2170 la
673 2138 873 2182 preferenza
899 2149 960 2182 pei·
984 2142 1139 2182 questoo
1154 2149 1215 2183 pei·
1227 2138 1307 2181 quel
1327 2143 1522 2171 0131013-
1542 2137 1615 2175 ille,

144 2181 220 2216 cioe
246 2181 269 2215 il
295 2182 410 2216 solito.
436 2181 459 2215 il
485 2187 661 2216 consueto.
697 2203 740 2207 —
766 2183 1000 2216 laudantium
1037 2183 1186 2221 clamor,
1211 2184 1274 2216 cfr.
1299 2183 1330 2216 2.
1356 2183 1420 2215 ⁴27:
1455 2183 1536 2216 laus
1558 2193 1617 2225 po-

143 2227 314 2270 pularis‚·
338 2238 356 2261 e
383 2227 440 2264 lv,
464 2227 496 2266 2,
520 2228 579 2260 37:
604 2228 654 2260 ad
677 2228 874 2261 clamorem
899 2229 1094 2272 dispositae
1155 2229 1423 2265 multitudinis.-
1448 2227 1564 2261 allude
1583 2226 1616 2260 al

144 2271 276 2306 cattivo
300 2276 467 2309 costume.
492 2272 556 2305 che
582 2283 738 2307 avevano
774 2273 964 2307 inti-odotto
998 2272 1049 2317 gli
1088 2273 1214 2307 orator-i
1253 2273 1306 2306 dei
1337 2273 1411 2307 suoi
1439 2272 1556 2316 tempi,
1581 2271 1616 2304 di

144 2317 277 2350 condui·
301 2328 381 2351 seco
406 2316 461 2350 nel
488 2317 562 2350 foro
587 2328 655 2350 una
681 2317 764 2351 folla
801 2318 835 2350 di
872 2317 999 2351 uditori
1033 2329 1093 2362 per
1118 2317 1150 2352 lo
1177 2318 1232 2359 pii'i
1261 2317 1378 2361 pagati
1405 2318 1616 2359 (auditores,

144 2362 327 2396 actoribus
363 2363 510 2399 similes,
547 2362 716 2395 conducti
749 2368 783 2396 et
815 2365 1007 2406 redempti,
1045 2363 1134 2396 Plin.
1172 2363 1234 2406 Ep.
1261 2362 1301 2399 ll.
1340 2362 1393 2399 14,
1419 2362 1464 2403 4).
1501 2361 1566 2395 ohe
1590 2361 1616 2395 li

144 2405 416 2456 applaudissero.
443 2427 485 2431 —
509 2413 708 2451 extorquet,
733 2408 795 2441 cfr.
820 2411 843 2449 ξ
870 2407 943 2440 110.
974 2427 1009 2432 —
1047 2409 1105 2442 18.
1131 2408 1332 2441 dissentire.
1359 2407 1503 2442 intendi.
1521 2406 1616 2440 dalla

144 2450 308 2495 opinione
332 2451 386 2485 dei
413 2451 471 2496 piu
496 2462 516 2484 ο
541 2452 678 2485 almeno
703 2451 744 2485 da
762 2452 889 2496 quella.
915 2453 980 2486 che
1006 2452 1029 2485 il
1056 2453 1292 2486 laudantium
1317 2452 1457 2485 clamor
1483 2453 1515 2485 fa
1541 2462 1617 2496 sup·

145 2506 246 2536 Dorre
271 2495 365 2535 tale:
390 2507 420 2529 v.
447 2499 469 2537 ,ξ
496 2496 569 2529 111.
599 2517 636 2520 -
664 2498 772 2530 tacita
797 2498 959 2541 quadam
985 2498 1217 2535 verecundia,
1246 2496 1315 2531 cosi
1343 2496 1414 2531 Cic.
1441 2497 1485 2531 de
1516 2495 1616 2530 Orat.

145 2539 204 2578 111,
227 2539 282 2581 50,
307 2540 392 2575 195;
420 2542 525 2574 tacito
550 2541 709 2583 quodam
744 2553 861 2575 sensu.
898 2562 941 2568 —
978 2542 1187 2576 inhibemur
1253 2542 1411 2579 credere.
1437 2541 1558 2575 invece
1582 2541 1616 2574 di

143 2596 190 2619 ne
213 2596 233 2618 o
257 2587 452 2629 quominus
475 2586 689 2625 credamus‚·
713 2586 858 2621 anziche
883 2587 1092 2620 inhibemur
1118 2587 1141 2620 il
1167 2587 1276 2621 latino
1302 2586 1449 2621 classico
1475 2587 1620 2630 adopt-e·

144 2630 249 2665 rebbe
269 2631 521 2676 prohibemur,
545 2636 700 2676 appunto
728 2642 793 2666 con
819 2631 988 2666 l'infinito
1011 2634 1059 2677 (p.
1085 2643 1131 2666 es.
1157 2632 1228 2666 Cic.
1264 2632 1363 2666 Verr.
1390 2632 1433 2673 V,
1457 2632 1511 2671 45,
1538 2631 1618 2666 117:

1637 484 1677 516 17

1641 744 1680 777 18
