1887 2901
249 607 266 641 1

295 106 371 144 ’104
822 108 956 144 σἈΡυΤ
985 117 1056 144 vu.
1087 106 1108 153 ἓ
1141 104 1241 143 1-2

901 275 1039 318 CAPUT
1069 275 1163 317 VII.

452 380 591 434 QUEM
626 379 689 423 An
723 377 900 424 MODUM
934 377 1317 423 ΕΧΤΕΜΡΟΒᾹιΙὸ
1349 377 1603 424 neumas

668 460 901 504 PARETuR
935 459 999 504 ΕΤ
1033 459 1397 504 commentia.

350 599 553 639 Maximus
583 609 675 639 vero
696 596 924 638 studiorum
948 596 1105 637 fructus
1126 597 1187 637 est
1207 597 1248 638 et
1267 596 1381 637 velut
1400 597 1626 650 praemium
1646 595 1773 649 quod-

295 664 385 704 dam
419 663 718 716 amplissimum
749 661 859 715 longi
891 661 1042 702 laboris
1079 673 1124 702 ex
1165 664 1345 713 tempore
1385 660 1543 702 dicendi
1576 661 1771 709 facultas3

294 740 417 780 quam
449 727 519 779 qui
550 739 626 767 non
659 726 737 766 erit
767 728 1020 773 consecutus,
1042 738 1132 767 mea
1155 725 1320 778 quidem
1351 725 1550 766 sententia
1580 725 1772 768 civilibus

293 791 438 832 officiis
469 790 721 832 renuntiabit
741 792 781 831 et
802 790 928 831 solam
951 789 1151 831 scribendi
1184 789 1422 831 facultatem
1444 790 1580 843 potius
1609 789 1658 831 ad
1689 790 1772 831 alia

293 869 410 910 opera
441 858 656 897 convertet.
693 855 770 896 Vix
806 856 914 896 enim
953 855 1075 896 bonae
1112 854 1207 895 fidei
1239 854 1323 895 viro
1353 854 1540 895 convenit
1569 854 1769 896 auxilium

291 921 333 962 in
364 921 576 974 publicum
606 920 805 974 polliceri,
837 919 942 973 quod
964 919 1303 973 praesentissimis
1326 919 1556 972 quibusque
1576 919 1772 973 periculis

292 986 409 1036 desit,
431 986 582 1027 intrare
599 987 775 1038 portum,
797 985 846 1025 ad
869 998 990 1038 quem
1012 986 1127 1025 navis
1148 984 1336 1025 accedere
1358 983 1434 1025 nisi
1458 983 1620 1026 lenibus
1639 983 1772 1026 ventis

292 1052 405 1092 vecta
435 1063 511 1092 non
542 1050 689 1104 possit:
720 1049 919 1103 siquidem
953 1049 1272 1090 innumerabiles
1293 1048 1485 1090 accidunt
1513 1048 1673 1090 subitae
1702 1061 1772 1090 ne-

291 1115 498 1157 cessitates
529 1115 592 1156 vel
623 1115 729 1168 apud
761 1115 1028 1169 magistratus
1047 1114 1109 1156 vel
1141 1114 1451 1167 repraesentatis
1489 1113 1654 1154 iudiciis
1684 1125 1771 1155 con-

290 1181 406 1222 tinuo
436 1179 593 1234 agendi.
626 1179 808 1230 Quarum
840 1180 872 1221 si
897 1192 989 1233 qua,
1012 1192 1089 1220 non
1111 1178 1200 1220 dico
1225 1180 1469 1231 cuicumque
1491 1177 1768 1220 innocentium

291 1245 456 1294 civium,
488 1245 556 1286 sed
586 1245 810 1286 amicorum
833 1257 878 1286 ac
899 1244 1216 1298 propinquorum
1240 1243 1364 1284 alicui
1381 1242 1572 1292 evenerit,
1593 1242 1770 1284 stabitne

290 1314 430 1351 mutus
457 1312 497 1351 et
518 1310 738 1351 salutarem
761 1310 994 1363 petentibus
1025 1322 1174 1358 vocem,
1208 1309 1429 1361 statimque
1452 1307 1484 1348 si
1507 1320 1584 1349 non
1607 1319 1769 1349 succur-

290 1378 405 1417 ratur
434 1375 640 1429 perituris,
672 1388 804 1416 moras
834 1377 874 1416 et
909 1387 1110 1416 secessum
1142 1377 1182 1415 et
1211 1373 1423 1414 silentium
1461 1374 1640 1425 quaeret,
1671 1371 1769 1413 dum

288 1441 364 1482 illa
404 1441 524 1482 verba
563 1440 812 1482 fabricentur
849 1442 888 1481 et
926 1440 1142 1481 memoriae
1183 1438 1362 1479 insidant
1401 1440 1441 1479 et
1473 1449 1544 1479 vox
1578 1449 1625 1478 ac
1660 1436 1772 1478 latus

289 1573 364 1606 sint
387 1572 494 1605 dicta.
520 1591 563 1595 —
588 1571 666 1609 illa,
692 1574 859 1615 cogitata.
885 1588 927 1595 --
953 1580 1020 1606 res,
1046 1569 1078 1601 ‘i
1105 1568 1254 1613 pensieri
1271 1568 1289 1599 '.
1327 1587 1369 1591 -—
1407 1569 1604 1611 utrimque,
1633 1566 1768 1601 intendi

289 1628 335 1651 ex
359 1617 537 1650 memoria
560 1627 580 1650 e
603 1627 650 1650 ex
675 1618 850 1655 materia,-
876 1615 937 1648 cfr.
959 1615 987 1649 1.
1007 1614 1067 1647 131
1090 1625 1122 1647 n.
1142 1615 1232 1657 App.
1257 1612 1323 1645 erit

333 1663 362 1697 1.
372 1663 583 1706 praemium
600 1688 643 1706 ...‚
656 1662 745 1706 App.
765 1661 840 1694 crit.
851 1679 893 1685 —
911 1660 1078 1693 civilibus
1092 1658 1228 1703 officiis,
1246 1657 1321 1696 v.3,
1334 1657 1371 1690 11
1387 1668 1423 1690 n.
1439 1678 1482 1681 —
1497 1657 1725 1691 renuntiabit

289 1713 483 1749 convertet,
500 1707 618 1740 futuro
636 1707 825 1740 esortativo
851 1706 972 1739 invece
997 1702 1308 1748 dell'imperativo:
1326 1702 1390 1735 cfr.
1410 1702 1440 1740 1,
1456 1702 1518 1736 58:
1538 1707 1771 1736 revertemur

289 1763 309 1786 e
333 1763 367 1786 n.
392 1771 435 1778 -
452 1752 579 1791 solam,
597 1752 653 1785 cui
671 1751 864 1785 solamente
889 1750 918 1783 si
945 1749 1137 1794 procaccio,
1155 1749 1229 1782 cioe
1253 1758 1355 1782 senza
1382 1746 1414 1781 le
1438 1747 1527 1781 altre
1551 1746 1685 1791 qualit&
1702 1746 1770 1782 che

289 1797 452 1832 roratore
476 1797 563 1831 deve
577 1797 771 1842 possedere.
792 1816 830 1820 —
851 1797 962 1830 bonae
977 1795 1073 1839 fidei,
1092 1793 1143 1827 ‘di
1161 1791 1370 1831 coscienza’;
1386 1792 1450 1826 cfr.
1472 1792 1504 1832 3,
1521 1792 1566 1825 23
1581 1803 1601 1826 e
1618 1803 1650 1825 n.
1666 1812 1711 1817 ——
1729 1794 1770 1825 in

287 1843 490 1887 publicum,
508 1848 516 1860 ‘
530 1854 549 1875 a
576 1841 766 1886 vantaggio
783 1851 931 1875 comune
946 1840 964 1883 ’ς
985 1839 1042 1880 Vl,
1062 1839 1091 1879 1,
1108 1839 1129 1871 7
1147 1838 1237 1873 trovi
1256 1839 1295 1871 in
1311 1848 1504 1871 commune
1527 1839 1769 1881 (profutura)

290 1899 354 1922 con
372 1887 525 1922 identieo
550 1887 758 1931 significato.
786 1887 835 1920 La
860 1887 952 1919 frase
977 1887 1015 1918 in
1038 1897 1072 1929 p.
1093 1884 1265 1928 polliceri
1298 1883 1318 1923 e
1336 1883 1486 1917 formata
1509 1882 1591 1916 sull’
1604 1882 1768 1926 analogia

290 1933 381 1968 delle
406 1932 548 1966 usitate:
575 1935 614 1966 in
634 1933 837 1977 publicum.
874 1933 911 1964 in
937 1941 1128 1964 commune
1152 1928 1349 1963 consulere.
1373 1947 1418 1954 —
1441 1930 1585 1962 intrare
1603 1933 1768 1971 portum,

291 1978 440 2023 dipende
464 1978 507 2010 da
533 1980 597 2011 vix
621 1980 806 2017 convenit,·
829 1977 848 2010 e
875 1987 942 2009 una
967 1975 1084 2020 specie
1101 1975 1135 2007 di
1153 1975 1377 2018 comparatio
1402 1974 1675 2017 compendiaria
1690 1973 1768 2013 (cfr.

293 2024 322 2063 1,
347 2025 388 2057 4:
414 2023 552 2056 athleta
625 2035 644 2058 e
669 2034 701 2056 n.
728 2023 806 2063 ivi):
833 2021 925 2056 colui
950 2021 1015 2055 che
1040 2020 1142 2054 vuole
1161 2019 1425 2064 improvvisare‚
1449 2029 1553 2052 senza
1586 2017 1770 2062 possedere

292 2069 324 2102 le
349 2068 482 2114 qualita
507 2079 526 2102 e
551 2068 561 2101 i
586 2069 692 2103 mezzi
719 2080 738 2102 a
764 2068 818 2101 cio
844 2066 1042 2106 necessarii,
1068 2066 1086 2099 ὲ
1110 2076 1210 2099 come
1235 2076 1281 2098 un
1308 2064 1415 2108 pilota
1440 2063 1507 2098 che
1538 2068 1710 2108 promette
1733 2062 1769 2097 di

291 2114 417 2158 guidar
441 2113 476 2147 la
501 2124 590 2148 nave
613 2113 830 2158 (qualunque
854 2113 906 2146 sia
931 2112 955 2144 il
982 2114 1112 2155 tempo)
1137 2111 1171 2144 in
1199 2121 1244 2144 un
1270 2114 1368 2154 porto
1381 2109 1415 2141 di
1441 2108 1587 2142 difficile
1603 2107 1769 2153 approdo‚

291 2159 349 2193 nel
373 2159 478 2204 quale
503 2158 531 2192 si
556 2163 656 2192 entra
680 2158 832 2192 soltanto
857 2157 909 2191 col
935 2157 1056 2190 favore
1082 2155 1135 2189 del
1164 2161 1278 2189 vento.
1304 2175 1346 2179 ——
1401 2154 1438 2188 2.
1463 2154 1655 2199 siquidem,
1680 2164 1768 2187 cau-

291 2205 375 2238 sale.
395 2223 438 2229 —
463 2205 604 2237 subitae
622 2207 860 2242 necessitates,
878 2203 939 2236 cfr.
957 2201 990 2241 3,
1002 2202 1039 2235 3;
1057 2202 1192 2235 subitos
1209 2212 1325 2234 casus.
1340 2219 1382 2224 —
1399 2200 1500 2243 apud
1518 2200 1770 2241 mayistratus,

292 2261 353 2294 per
378 2250 411 2282 la
438 2249 645 2283 trattazione
669 2249 760 2282 delle
785 2259 890 2282 cause
908 2246 1048 2281 davanti
1076 2247 1109 2279 ai
1129 2245 1324 2290 magistrati
1350 2255 1457 2279 erano
1481 2244 1627 2278 stabiliti
1653 2243 1770 2288 giomi

292 2296 451 2331 fissi.1na
478 2300 602 2339 poteva
627 2294 740 2328 anche
765 2294 856 2327 dar-si
883 2293 907 2326 il
933 2303 1013 2326 caso
1038 2292 1104 2325 che
1121 2291 1175 2325 cio
1202 2302 1269 2325 non
1288 2289 1484 2324 avvenisse.
1505 2310 1542 2314 —
1562 2299 1772 2334 repraesen-

293 2342 388 2376 tatis,
413 2340 490 2374 ‘che
514 2340 542 2372 si
569 2339 784 2384 spediscono,
810 2339 876 2372 che
893 2338 921 2371 si
949 2342 1102 2371 trattano
1126 2335 1270 2369 subito‘.
1286 2335 1376 2369 Altri
1391 2335 1600 2380 interpreta:
1625 2333 1771 2368 ‘antici-

294 2385 395 2429 pate',
422 2385 628 2419 sondandosi
653 2384 707 2418 sul
732 2384 931 2428 significato
956 2382 1048 2416 della
1075 2383 1167 2415 frase
1187 2386 1462 2425 repraesentare
1473 2381 1680 2424 pecuniam.
1703 2378 1770 2413 che

293 2430 455 2474 equivale
480 2442 500 2464 a
526 2437 611 2464 ante
634 2430 731 2464 diem
744 2430 892 2463 solvere.
911 2429 1193 2471 —cuicumque,
1212 2438 1243 2459 v.
1264 2426 1293 2462 1,
1316 2426 1354 2459 12
1372 2437 1404 2459 n.
1418 2426 1770 2469 —stabit,quaeree‚

294 2475 479 2513 sonitore:
505 2487 561 2509 ma
588 2475 669 2520 puoi
695 2474 854 2508 tradurre
886 2484 949 2507 con
988 2484 1055 2506 una
1082 2473 1193 2506 forma
1220 2471 1463 2516 impersonale.
1488 2491 1530 2496 —
1550 2470 1770 2514 petentibus,

293 2532 312 2555 e
324 2522 517 2564 perituris.
537 2521 604 2555 che
618 2531 735 2564 segue,
749 2530 834 2553 sono
847 2518 968 2557 dativi„
982 2517 1052 2552 eda
1071 2518 1279 2551 riattaecare
1296 2528 1315 2549 a
1332 2521 1492 2561 quaeret.
1508 2534 1546 2540 —
1565 2516 1772 2559 statimque.

293 2569 382 2610 App.
401 2567 478 2599 crit.
493 2586 535 2591 —
550 2578 727 2599 ,sa-essum
741 2572 774 2599 et
789 2565 989 2600 silentiwn,
1004 2562 1075 2597 cosi
1093 2563 1188 2599 3928.
1204 2583 1245 2587 —
1263 2563 1330 2596 illa
1346 2562 1466 2603 verba,
1482 2561 1502 2595 ὁ
1515 2559 1609 2594 detto
1627 2559 1772 2594 ironica-

294 2617 424 2651 mente,
439 2613 535 2656 quasi
560 2613 623 2644 illa
643 2618 717 2644 tam
735 2612 880 2655 eyreyia
899 2611 1045 2644 verba...
1059 2627 1101 2634 —
1118 2616 1150 2642 et
1167 2620 1234 2642 voa·
1247 2620 1290 2642 ac
1304 2608 1412 2650 latus,
1424 2606 1486 2639 cfr.
1503 2605 1696 2650 Lprouem.
1712 2605 1775 2639 27:
