1887 2901
270 0 292 22 la

649 119 781 147 camur
810 119 868 146 ιιι.
900 109 921 155 ξ
950 106 1079 145 8-10
1543 105 1595 144 79

124 206 194 237 nos
222 193 479 249 indulgentia
508 193 584 234 illa
627 206 704 236 non
738 193 877 241 fallat3
922 193 1058 235 omnia
1092 192 1199 234 enim
1231 191 1367 233 nostra
1397 190 1492 232 dum
1525 203 1595 232 na-

123 261 291 302 scuntur
320 259 500 313 placent,
543 258 696 311 alioqui
739 270 810 300 nec
853 257 1137 300 scriberentur.
1185 255 1262 298 Sed
1302 255 1514 297 redeamus
1543 255 1592 296 ad

122 323 323 366 iudicium
358 324 399 364 et
428 323 692 364 retractemus
728 324 956 377 suspectam
1000 320 1256 362 facilitatem.
1289 319 1356 362 Sic
1386 320 1592 373 scripsisse
1617 327 1639 360 8

123 387 366 429 Sallustium
396 387 639 440 accepimus,
670 389 711 430 et
740 400 834 429 sane
879 385 1118 427 manifestus
1155 385 1217 426 est
1246 385 1370 426 etiam
1401 397 1446 425 ex
1476 396 1592 437 opere

121 452 208 506 ipso
236 451 361 493 labor.
394 450 623 506 Vergilium
656 464 813 505 quoque
844 449 1108 504 paucissimos
1129 449 1193 490 die
1224 448 1491 502 composuisse
1513 461 1593 490 ver-

122 528 190 558 sus
209 517 348 557 auctor
369 516 430 557 est
445 515 606 556 Varius.
630 516 810 558 Oratoris
830 514 995 568 quidem
1026 513 1108 554 alia
1133 512 1312 554 condicio
1343 514 1423 559 est3
1455 512 1593 565 itaque
1617 517 1639 550 9

122 581 224 622 hanc
255 591 407 621 moram
453 581 494 621 et
537 580 855 622 sollicitudinem
900 579 1033 619 initiis
1078 578 1242 631 impero.
1276 577 1380 618 Nam
1414 577 1592 630 primum

122 645 196 686 hoc
225 643 569 695 constituendum,
601 646 673 686 hoc
697 642 962 686 obtinendum
993 644 1067 695 est,
1098 643 1145 683 ut
1175 653 1297 695 quam
1328 641 1480 695 optime
1501 641 1593 682 scri-

122 709 286 751 bamus:
318 708 568 750 celeritatem
600 709 715 750 dabit
743 707 1001 750 cousuetudo.
1038 706 1243 748 Paulatim
1276 718 1338 747 res
1367 705 1531 747 facilius
1552 718 1593 747 se

122 772 344 821 ostendent,
389 773 509 814 verba
552 773 861 827 respondebunt,
910 771 1145 825 compositio
1198 771 1402 823 sequetur,
1447 771 1594 811 cuncta

122 837 295 891 denique
326 839 372 878 ut
402 837 442 878 in
475 838 634 879 familia
663 838 761 879 bene
792 837 983 878 instituta
1024 836 1064 876 in
1097 835 1228 877 officio
1263 836 1392 876 erunt.
1425 833 1593 875 Summa

124 902 222 944 hacc
251 902 311 944 est
341 902 420 943 rei:
466 902 545 943 cito
589 902 797 944 scribendo
842 913 917 943 non
963 900 1010 941 fit
1044 902 1090 941 ut
1121 900 1218 941 bene
1248 899 1463 947 scribatur,
1495 899 1593 940 bene

118 1034 244 1077 yentia
261 1031 338 1068 illa,
357 1033 421 1065 che
436 1033 586 1065 consiste
601 1031 656 1065 nel
671 1031 858 1066 secondare
873 1031 904 1064 la
920 1036 1087 1065 corrente.
1102 1049 1144 1055 —
1159 1032 1323 1064 onmia
1341 1035 1506 1063 nostra
1517 1029 1595 1073 pla-

122 1083 213 1116 cent,
239 1077 302 1110 cfr.
329 1080 351 1118 5
380 1077 420 1109 12
443 1087 462 1110 e
487 1079 517 1115 4,
532 1078 573 1109 2:
599 1078 731 1110 nobis...
751 1076 1001 1109 blandiantur.
1020 1095 1062 1100 —
1080 1082 1214 1114 nostra,
1233 1075 1264 1107 ‘i
1285 1074 1392 1108 nostri
1409 1074 1559 1118 pensieri
1575 1074 1594 1113 '‚

122 1129 131 1141 ⁸
148 1122 181 1156 le
205 1127 323 1155 nostre
349 1121 458 1155 idee'.
484 1141 523 1146 -
549 1122 639 1154 dum
664 1127 879 1159 nascuntur,
905 1121 967 1153 cfr.
988 1120 1016 1159 1,
1038 1120 1092 1153 16:
1119 1121 1392 1164 excipimusque
1415 1130 1509 1152 nova
1527 1119 1593 1152 illa

126 1168 220 1201 sicut
244 1167 429 1200 nascentia
455 1178 538 1199 cum
561 1169 688 1210 favore
712 1177 755 1199 ac
778 1166 1035 1199 sollicitudine.
1061 1185 1100 1189 —
1127 1165 1276 1210 alioqui,
1312 1164 1367 1198 nel
1400 1175 1501 1198 senso
1533 1164 1592 1197 di:

125 1212 222 1256 quod
245 1213 277 1245 si
301 1211 411 1244 aliter
434 1217 533 1245 esset.
560 1230 602 1236 —
637 1221 711 1250 nec,
736 1211 857 1244 invece
882 1210 915 1243 di
940 1221 1024 1243 ne...
1050 1210 1197 1254 quidem
1234 1210 1252 1243 e
1276 1209 1309 1241 di
1336 1220 1397 1242 uso
1423 1220 1490 1243 non
1516 1220 1593 1243 raro

124 1258 161 1290 in
185 1255 412 1298 Quintiliano.
440 1276 481 1280 -
506 1256 698 1289 redeamus
722 1256 771 1288 ad
795 1256 985 1292 iudicium,
1010 1265 1132 1288 senso:
1157 1254 1185 1287 si
1203 1254 1350 1288 esamini
1375 1253 1408 1286 di
1435 1264 1593 1288 nuovo...

125 1320 169 1327 —
193 1306 445 1339 retractemus,
481 1301 544 1333 cfr.
572 1301 601 1336 1,
628 1301 680 1338 19,
716 1300 802 1333 dove
827 1302 845 1333 e
883 1305 980 1333 usato
1017 1311 1035 1331 a
1073 1299 1246 1343 proposito
1271 1298 1360 1332 della
1388 1298 1525 1331 lettura.
1574 1319 1591 1322 -

123 1346 349 1388 facilitatem,
375 1344 546 1378 l'astratto
572 1356 631 1389 per
666 1344 691 1377 il
728 1350 906 1378 concreto:
934 1345 987 1378 ⁴le
1011 1354 1090 1377 cose
1125 1345 1244 1377 scritte
1269 1355 1332 1377 con
1360 1343 1491 1377 facilita
1507 1344 1525 1375 “.
1551 1362 1593 1369 -

124 1391 162 1425 8.
188 1390 419 1429 Sallustium,
445 1401 476 1422 v.
505 1391 533 1427 1,
553 1390 626 1424 101.
639 1408 681 1414 —
698 1400 744 1423 ex
760 1401 791 1432 ol
807 1400 866 1422 ere
884 1391 969 1433 ipso,
987 1388 1249 1422 ‘dii-ettamente
1267 1388 1368 1428 da...',
1390 1388 1425 1421 in
1438 1394 1595 1432 contrap-

125 1435 300 1479 posizione
325 1435 367 1468 ad
392 1437 608 1478 accepimus,
631 1434 697 1468 che
721 1434 870 1478 esprime
896 1433 997 1468 l'idea
1018 1433 1108 1467 della
1134 1444 1345 1467 conoscenza
1372 1444 1440 1467 non
1457 1433 1593 1467 diretta.

125 1499 167 1506 —
203 1480 416 1525 Vergilium,
440 1491 471 1513 v.
499 1479 528 1517 1,
552 1480 606 1513 85.
631 1480 663 1512 A
679 1483 800 1523 questo
819 1479 994 1523 proposito
1012 1480 1052 1511 A.
1073 1478 1184 1512 Gellio
1202 1478 1248 1511 N.
1264 1481 1304 1510 Α.
1321 1478 1432 1517 XVII,
1449 1477 1501 1518 10,
1518 1477 1595 1516 2-3,

125 1525 258 1558 scrive:
287 1524 448 1558 ...dicere
467 1535 550 1558 eum
567 1523 806 1568 (Veryilium)
831 1525 978 1557 solitum
995 1525 1132 1567 ferunt,
1141 1534 1276 1567 parere
1292 1534 1328 1556 sc
1342 1534 1468 1556 versus
1492 1533 1592 1556 more

124 1576 234 1614 atque
249 1572 324 1603 ritu
351 1571 487 1603 ursino.
513 1568 684 1613 Namque
708 1575 747 1602 ut
775 1569 839 1602 illa
865 1570 975 1603 bestia
998 1571 1116 1612 fetum
1139 1568 1259 1602 ederet
1281 1569 1528 1612 ineffiyiatum
1545 1569 1596 1600 in-

123 1615 363 1659 formemque,
390 1615 653 1658 lambendoque
677 1614 714 1646 id
736 1619 870 1657 postea,
895 1615 991 1658 quod
1015 1615 1063 1646 ica
1090 1614 1268 1652 edidisset,
1293 1616 1540 1657 conformaret
1562 1618 1597 1646 et

122 1660 454 1704 finqeret,promde
471 1661 609 1703 ingenii
633 1670 774 1703 quoque
791 1660 848 1691 sui
861 1665 993 1702 partus
1011 1664 1169 1692 recentes
1185 1659 1271 1691 rudi
1289 1669 1362 1691 esse
1372 1659 1467 1702 facie
1483 1663 1516 1691 et
1534 1658 1596 1690 im-

121 1705 371 1748 perfecta‚sed
395 1704 562 1748 deinceps
587 1705 776 1738 tractando
801 1703 1018 1747 colendoque
1045 1704 1196 1737 reddere
1211 1705 1253 1736 iis
1269 1714 1306 1736 se
1323 1705 1396 1736 oris
1421 1709 1454 1736 et
1472 1702 1595 1735 vultus

128 1749 359 1783 lineamenta.
385 1749 412 1782 E
438 1748 471 1782 lo
496 1749 783 1793 pseudo-Donato
802 1748 893 1782 nella
913 1748 982 1781 vita
1007 1747 1060 1781 del
1089 1753 1198 1792 poeta,
1226 1748 1296 1781 IX:
1321 1759 1404 1781 cum
1420 1746 1594 1791 Georyica

125 1795 308 1834 scriberet,
337 1794 501 1827 traditur
525 1794 653 1827 cotidie
678 1795 866 1826 meditatos
892 1804 998 1826 mane
1020 1793 1201 1836 plurimos
1234 1803 1359 1826 versus
1383 1793 1524 1826 dictare
1546 1802 1595 1825 so-

126 1838 226 1878 litus,
249 1849 292 1873 ac
312 1850 382 1883 per
418 1845 531 1872 totum
567 1839 662 1872 diem
695 1838 928 1871 retractando
965 1838 1013 1870 ad
1043 1839 1279 1880 paucissimos
1315 1837 1492 1881 rediyere‚
1521 1847 1593 1870 non

125 1884 284 1918 absurde
319 1894 468 1918 carmen
498 1894 536 1917 se
562 1894 669 1917 ursae
693 1893 792 1916 more
822 1894 957 1926 parere
993 1884 1114 1915 dicens
1151 1889 1182 1915 ec
1219 1882 1410 1916 lambendo
1446 1882 1591 1915 demum

125 1929 310 1973 effinqere.
328 1948 370 1954 —
387 1929 458 1967 die,
483 1934 490 1945 ⁶
506 1927 537 1961 al
556 1928 697 1972 giorno'
712 1939 719 1964 2
738 1938 798 1972 per
815 1928 848 1961 lo
866 1927 923 1971 piu
943 1928 978 1960 in
996 1927 1108 1971 questi
1125 1927 1195 1960 casi
1214 1927 1241 1959 si
1261 1932 1430 1971 premette
1448 1929 1498 1960 in.
1514 1926 1592 1960 Cos}

124 1972 197 2007 Cic.
220 1984 288 2018 pro
318 1974 414 2007 Rosc.
442 1975 565 2006 Amer.
590 1972 644 2006 46.
672 1972 750 2006 132:
777 1975 814 2005 in
838 1983 952 2010 anm,-
983 1973 1031 2004 azl
1061 1972 1157 2004 Fam.
1185 1972 1262 2010 XV,
1289 1971 1340 2010 16,
1368 1972 1402 2004 1:
1428 1973 1467 2005 in
1492 1972 1593 2005 hora.

125 2037 169 2044 —
192 2025 331 2056 auctor.
355 2018 374 2051 ὲ
398 2021 497 2050 usato
521 2016 579 2061 qui
607 2016 661 2050 nel
686 2029 748 2051 suo
774 2028 854 2051 vero
871 2017 1079 2060 significato,
1097 2017 1171 2051 01οέ
1188 2017 1348 2051 coll'idea
1373 2017 1405 2049 di
1432 2016 1595 2050 autorita.

125 2062 196 2096 Cfr.
225 2063 253 2106 1,
277 2063 319 2095 24
346 2073 377 2095 n.
403 2081 444 2086 —
480 2061 610 2095 Varius
634 2065 679 2099 (v.
708 2062 736 2101 1,
760 2062 827 2103 98),
861 2062 966 2095 molto
1001 2062 1274 2106 probabilmente
1306 2061 1401 2095 nella
1425 2061 1593 2105 biografia

125 2107 323 2141 dell'amico
347 2118 419 2145 suo,
443 2107 513 2139 alla
539 2106 641 2151 quale
659 2117 811 2141 accenna
832 2108 872 2139 A.
891 2107 1004 2140 Gellio
1030 2106 1051 2139 1.
1070 2118 1098 2141 e.
1116 2125 1158 2131 —
1198 2107 1235 2141 9.
1252 2107 1411 2151 quidem,
1435 2116 1593 2139 avversa-

127 2151 209 2185 tivo.
227 2172 270 2176 —-
294 2151 588 2190 sollicitudinem,
613 2152 676 2184 cfr.
704 2152 732 2189 1,
756 2151 810 2184 20.
836 2171 878 2175 —
905 2153 1029 2189 initiis,
1053 2151 1165 2195 prima
1190 2151 1255 2185 che
1280 2151 1308 2184 si
1337 2152 1481 2195 proceda
1506 2151 1594 2184 oltre

127 2196 376 2231 nell'esercizio
400 2196 454 2230 del
480 2207 675 2240 comporre:
701 2197 763 2229 cfr.
789 2197 821 2236 2,
847 2196 876 2228 2.
903 2217 941 2221 —
969 2196 1295 2234 obtinendum,n0n
1313 2196 1332 2230 ὲ
1354 2208 1371 2228 «
1389 2201 1544 2229 ottenere
1562 2207 1594 2228 ».

126 2260 169 2267 —
185 2242 416 2275 celeritatem.
434 2242 627 2279 scribendi,
652 2252 718 2279 ma,
745 2242 807 2275 ben
823 2241 946 2280 inleso,
973 2252 1040 2274 non
1066 2241 1098 2275 lo
1122 2243 1280 2275 scribere
1308 2241 1340 2274 in
1364 2251 1465 2274 senso
1491 2246 1595 2274 mate-

127 2286 223 2320 riale.
254 2307 283 2310 -r
312 2286 586 2329 respondebunt,
612 2285 644 2317 al
672 2286 828 2330 pensiero
854 2286 918 2320 che
943 2286 971 2319 si
998 2285 1099 2320 vuole
1117 2286 1326 2330 esprimere:
1346 2285 1478 2319 traduci
1496 2296 1595 2319 come

125 2341 163 2365 se
194 2331 304 2365 fosse:
343 2331 596 2374 respondentia
620 2335 670 2364 (se
702 2332 911 2373 ostendent).
944 2350 986 2356 —
1022 2333 1268 2374 compositio...
1306 2336 1487 2375 sequetur,
1520 2330 1539 2364 e
1571 2330 1595 2363 il

127 2380 220 2410 terzo
244 2380 418 2409 momento
443 2375 645 2409 dell'azione
669 2375 723 2409 del
748 2386 929 2420 comporre
957 2386 976 2410 e
1009 2376 1079 2409 tien
1112 2375 1223 2409 dietro
1259 2375 1330 2419 agli
1368 2375 1449 2408 altri
1485 2375 1551 2408 due
1575 2386 1595 2408 a

126 2421 182 2454 cui
207 2431 408 2454 accennano
432 2419 464 2453 le
490 2419 621 2464 parole:
642 2431 698 2454 res
714 2421 862 2464 facilius
879 2432 914 2454 se
931 2421 1125 2458 ostendent,
1144 2431 1162 2454 e
1184 2421 1289 2454 verba
1309 2421 1596 2464 respondebunt,-

126 2472 257 2510 quanto
280 2476 301 2499 a
325 2466 530 2508 compositio
555 2477 586 2498 v.
615 2465 642 2504 1.
665 2464 710 2498 52
734 2476 766 2498 n.
802 2485 842 2490 —
867 2465 1024 2509 familia,
1050 2465 1082 2498 la
1107 2470 1212 2509 gente
1236 2465 1270 2498 di
1295 2465 1442 2498 servizio
1467 2464 1500 2497 di
1528 2475 1595 2497 una

127 2521 217 2544 casa.
242 2531 274 2534 —
310 2512 347 2543 in
371 2511 488 2555 officio
512 2516 632 2549 erunt,
657 2509 690 2543 la
714 2515 823 2544 stessa
848 2511 939 2545 frase
963 2521 1027 2544 con
1055 2510 1087 2543 lo
1111 2515 1220 2544 stesso
1243 2510 1442 2554 significato
1459 2517 1465 2527 ⁴
1484 2509 1596 2543 adem·

129 2554 294 2599 piei-anno
317 2554 350 2588 al
377 2555 450 2589 loro
474 2555 600 2589 dovere
615 2555 633 2594 “,
661 2553 748 2593 Vlll,
769 2566 928 2598 prooem.
954 2555 1017 2589 30:
1050 2558 1081 2589 si
1113 2561 1339 2599 praeparata
1372 2558 1423 2588 vis
1449 2555 1595 2588 dicendi

126 2602 254 2644 fuerit,
277 2606 386 2635 erunt
411 2602 447 2634 in
472 2601 600 2644 officio.
626 2619 668 2625 —
693 2601 749 2634 10.
774 2612 917 2634 summa
943 2601 1031 2634 haec
1054 2607 1106 2634 esc
1130 2602 1193 2639 rei,
1211 2600 1253 2633 da
1276 2599 1434 2633 tx—adurre
1458 2610 1522 2633 con
1549 2610 1595 2633 un

1620 840 1662 873 10
