1887 2901
273 100 322 144 14
790 114 927 142 capua·
954 115 984 141 1.
1015 104 1035 149 ξ,
1064 100 1224 141 28-30

270 204 362 232 rum
393 191 541 233 talium
572 189 775 232 blanditia
819 190 1071 242 reparantur,
1103 187 1272 241 ideoque
1302 186 1344 228 in
1374 187 1451 228 hac
1482 186 1654 228 lectione
1683 185 1750 228 Oi-

202 261 246 295 28
269 268 359 297 cero
389 253 723 308 requiescendum
753 254 884 307 putat.
918 251 1228 293 Meminerimus
1250 253 1400 302 tamen,
1421 264 1496 293 non
1521 264 1591 305 per
1611 251 1748 293 omnia

269 321 405 374 poetas
440 332 522 360 esse
557 318 704 360 oratori
745 316 967 370 sequendos
1004 328 1075 357 nec
1111 316 1301 357 libertate
1339 316 1553 358 verborum
1590 328 1663 357 neo
1699 315 1751 357 li-

268 385 400 426 centia
421 384 663 437 figurarum:
695 394 823 436 genus
854 379 1114 422 ostentationi
1138 382 1417 433 comparatum
1441 382 1481 421 et
1502 381 1662 433 praeter
1691 379 1748 428 id,

268 449 374 502 quod
405 449 531 490 solam
562 448 666 501 petit
696 447 959 500 voluptatem,
976 457 1146 498 eamque
1177 445 1301 486 etiam
1324 445 1511 500 fingendo
1541 457 1618 486 non
1645 444 1748 486 falsa

268 513 397 562 modo,
414 513 480 554 sed
498 512 622 553 etiam
641 510 839 563 quaedam
861 509 1119 551 incredibilia
1136 511 1327 559 sectatur,
1345 509 1567 562 patrocinio
1589 521 1748 562 quoque

199 587 244 620 29
267 578 404 631 aliquo
434 577 588 618 iuvari:
635 575 740 628 quod
786 574 970 629 adligata
1013 574 1063 614 ad
1098 575 1251 615 certam
1282 573 1430 627 pedum
1462 574 1746 616 necessitatem

267 655 343 684 non
374 654 530 695 semper
559 641 620 681 uti
643 640 814 693 propriis
835 639 972 692 possit.
997 638 1065 679 sed
1095 638 1265 691 depulsa
1289 639 1396 679 reeta
1427 638 1492 679 via
1523 638 1748 680 necessario

267 707 315 748 ad
333 705 547 759 eloquendi
564 704 763 758 quaedam
780 703 1030 746 deverticula
1046 703 1267 758 confugiat,
1284 715 1356 744 neo
1373 706 1531 744 mutare
1549 703 1748 757 quaedam

266 772 382 813 modo
414 772 545 820 verba,
577 770 645 811 sed
676 769 900 821 extendere,
932 769 1150 822 conripere,
1188 768 1431 819 convertere,
1472 768 1651 810 dividere
1686 781 1752 810 oo-

265 838 405 892 gatur:
437 848 507 877 nos
537 847 628 877 vero
659 836 835 876 armatos
866 836 971 875 stare
1004 835 1042 874 in
1076 835 1162 875 acie
1192 834 1233 874 et
1262 833 1433 874 summis
1454 833 1502 875 de
1533 834 1652 875 rebus
1681 833 1750 876 de-

198 912 242 946 30
266 915 424 944 cernere
455 903 494 943 et
525 901 575 942 ad
607 900 820 942 victoriam
851 900 941 941 niti.
974 899 1114 952 Neque
1136 911 1209 953 ego
1238 911 1351 939 arma
1382 899 1568 952 squalere
1599 899 1682 940 situ
1703 912 1750 941 ac

266 967 454 1022 rubigine
485 965 622 1016 velim,
653 965 721 1007 sed
752 965 954 1020 fulgorem
987 964 1027 1004 in
1059 964 1111 1004 iis
1141 976 1225 1004 esse
1257 963 1327 1016 qui
1349 963 1512 1012 terreat,
1535 963 1669 1016 qualis
1690 966 1751 1005 est

265 1033 374 1082 ferri,
406 1044 483 1085 quo
515 1044 627 1072 mens
657 1031 782 1072 simul
812 1030 1003 1082 visusque
1035 1028 1363 1083 praestringitur,
1387 1041 1462 1070 non
1494 1028 1629 1082 qualis
1659 1028 1749 1071 auri

265 1097 518 1153 argentique,
550 1095 731 1137 imbellis
762 1097 802 1137 et
831 1095 967 1149 potius
998 1093 1163 1135 habenti
1196 1093 1459 1147 periculosus.

264 1213 391 1248 inoltre
416 1213 444 1246 si
469 1212 555 1246 deve
580 1211 739 1245 tradurre
757 1211 809 1244 ool
837 1210 1022 1254 singolare.
1045 1229 1088 1235 —
1106 1220 1235 1243 rerum
1254 1209 1387 1242 talium
1407 1208 1601 1248 blanditia,
1625 1207 1652 1242 il
1677 1209 1748 1253 pia-

263 1270 343 1294 cere
367 1258 433 1292 che
458 1257 487 1291 si
512 1268 620 1302 prova
645 1257 702 1290 nel
729 1256 870 1300 leggere
895 1257 906 1288 i
924 1255 1028 1300 poeti.
1047 1276 1089 1279 —
1107 1254 1232 1288 Cicero
1290 1260 1491 1298 putat,pro
1507 1254 1531 1286 A
1542 1253 1617 1287 rch.
1635 1253 1670 1293 6,
1689 1255 1747 1287 12;

264 1315 417 1350 quaeres
441 1315 463 1335 a
487 1303 588 1336 nobis
659 1313 727 1335 cur
752 1307 851 1335 tanto
876 1312 983 1345 opere
1011 1301 1076 1334 hoc
1113 1300 1259 1333 homine
1283 1300 1528 1335 detectemur;
1552 1300 1641 1343 quia
1666 1309 1748 1343 sup-

257 1350 402 1395 peditat
425 1349 537 1387 nobis,
561 1348 625 1380 ubi
648 1353 682 1380 et
705 1348 854 1380 animus
879 1357 926 1380 ex
942 1346 1007 1379 lzoc
1024 1347 1162 1385 forensi
1185 1346 1339 1387 strepitw
1367 1346 1557 1388 reficiatur
1581 1349 1616 1378 et
1635 1354 1747 1378 aures

263 1395 423 1429 convicio
447 1394 608 1436 defessae
632 1394 897 1436 conquiescant.
923 1410 965 1416 —
1014 1391 1080 1424 28.
1106 1401 1178 1423 non
1200 1401 1268 1433 per
1296 1391 1419 1422 omnia
1440 1396 1566 1432 poetas
1582 1415 1632 1432 ...,
1656 1400 1688 1422 v.
1714 1390 1746 1429 2,

263 1439 372 1474 21-22.
398 1459 442 1463 -
467 1438 612 1472 licentia
635 1438 865 1481 figurarum,
902 1436 964 1469 cfr.
991 1439 1012 1477 ἓ
1038 1437 1096 1468 31:
1125 1435 1358 1469 liberioribus
1380 1436 1522 1478 fissuris.
1551 1453 1592 1459 —
1613 1445 1745 1478 genus,
1787 1461 1790 1464 Α

258 1486 441 1530 poeticum
465 1494 485 1518 ο
507 1489 701 1526 poetarum
727 1482 782 1524 (da
801 1481 947 1516 dedurre
965 1481 1020 1514 dal
1040 1480 1175 1524 preced.
1189 1481 1340 1523 poetas):
1356 1479 1497 1524 dunque
1515 1488 1522 1497 ·
1537 1478 1570 1511 la
1591 1479 1707 1522 poesia
1723 1479 1741 1512 '.

264 1534 353 1575 App.
379 1528 456 1562 crit.
494 1547 536 1553 —
567 1538 729 1571 genus...
756 1533 1022 1570 comparatum,
1047 1524 1253 1559 sottinteudi
1278 1535 1361 1558 esse.
1388 1544 1430 1550 —-
1456 1526 1698 1563 ostentationi,
1725 1525 1743 1559 e

263 1576 287 1609 il
314 1579 431 1609 nostro
458 1586 476 1606 «
493 1574 645 1617 figurare
662 1585 681 1605 »
709 1572 764 1606 nel
790 1582 891 1605 senso
916 1571 950 1604 di
978 1584 996 1602 ‹<
1014 1571 1068 1604 far
1094 1572 1206 1614 figura
1282 1589 1324 1595 —
1347 1575 1495 1613 praeter
1522 1569 1559 1602 id
1584 1570 1681 1613 quod
1699 1585 1745 1600 Ξ

255 1626 521 1665 praeterquam
538 1618 635 1662 quod
653 1617 746 1661 degli
772 1616 925 1650 scrittori
945 1615 996 1650 del
1017 1615 1132 1649 secolo
1150 1615 1254 1649 d'oro.
1274 1633 1316 1640 —
1333 1616 1536 1657 patrocinio
1554 1614 1691 1658 aliquo,
1708 1614 1742 1648 in

262 1665 327 1700 che
351 1664 504 1698 consista
529 1664 548 1697 e
573 1663 668 1696 detto
693 1662 748 1696 nel
775 1665 796 1703 ἓ
814 1672 899 1705 seg,
917 1661 1058 1706 quod..
1083 1680 1125 1684 —
1144 1662 1278 1699 novari,
1298 1660 1446 1704 dipendo
1471 1659 1514 1692 da
1539 1660 1746 1692 memineri-

262 1722 412 1744 mus—
458 1709 522 1743 29.
541 1708 718 1751 adligata,
743 1708 908 1751 depulsa,
934 1706 957 1739 il
984 1706 1179 1740 femminile
1204 1705 1375 1739 concorda
1402 1716 1467 1738 con
1482 1705 1612 1748 poesis,
1629 1709 1748 1739 conte-

263 1760 347 1790 nuto
363 1755 399 1788 in
413 1764 532 1798 genus
556 1755 754 1796 (poeticum
772 1763 791 1786 o
807 1753 1035 1796 poetarum);
1053 1751 1088 1783 in
1115 1751 1203 1783 altre
1231 1749 1360 1794 parole,
1386 1749 1404 1784 ὲ
1431 1761 1499 1783 una
1525 1751 1744 1783 constructio

262 1802 311 1834 ad
327 1811 484 1835 sensum.
502 1817 545 1824 --
563 1799 729 1842 adliyata
751 1799 843 1831 ad
870 1798 1127 1836 necessitatem,
1153 1796 1186 1828 di
1213 1795 1274 1840 qui
1301 1795 1462 1838 l'origine
1488 1794 1581 1829 della
1607 1794 1744 1830 dizione

261 1848 377 1880 oratio
402 1845 567 1878 numeris
591 1844 778 1880 adstricta,
794 1842 952 1887 perifrasi
979 1841 1013 1874 di
1034 1842 1163 1885 poesis,
1190 1852 1209 1873 a
1235 1840 1290 1873 cui
1317 1840 1345 1872 si
1371 1839 1739 1884 contrapponel'altra

261 1891 353 1926 della
373 1901 483 1936 prosa,
501 1891 617 1922 oratio
635 1890 800 1922 numeris
817 1887 948 1921 solnta.
968 1906 1011 1913 -
1023 1887 1199 1930 propriis,
1217 1885 1400 1922 sottinteso
1419 1886 1549 1923 verbis,
1568 1884 1623 1918 nel
1641 1896 1743 1919 senso

261 1937 296 1970 di
313 1942 321 1955 ⁶
338 1933 547 1980 espressioni
561 1933 580 1973 ’ς
598 1934 660 1967 cfr.
679 1937 701 1976 g
717 1933 740 1966 6
758 1944 789 1966 n.
806 1954 841 1957 ν-
865 1931 1102 1970 deverticula,
1119 1937 1128 1950 ⁶
1143 1931 1344 1975 scappatoie
1361 1930 1378 1967 ',
1396 1931 1462 1964 ohe
1479 1941 1564 1963 sono
1589 1935 1745 1974 appunto

261 1981 388 2026 quelle,
413 1980 565 2013 indicate
590 1979 689 2023 dopo,
714 1978 769 2012 del
786 1983 942 2017 mutare,
960 1983 1178 2014 convertere,
1196 1976 1371 2013 dividere,
1392 1980 1481 2009 tutte
1507 1976 1654 2009 relative
1671 1975 1743 2009 alla

262 2028 384 2066 forma,
420 2025 495 2059 eioe
520 2024 589 2057 allo
614 2023 703 2057 stile.
731 2043 773 2049 —
798 2030 953 2062 mutare,
980 2033 1039 2067 per
1066 2032 1178 2056 mezzo
1204 2021 1237 2054 di
1263 2021 1510 2054 sinoninii.·—
1535 2021 1746 2060 extendere,

261 2073 462 2116 conripere,
487 2070 505 2103 e
530 2069 624 2103 detto
649 2069 739 2102 delle
765 2068 899 2107 sillabe,
925 2074 1144 2106 convertere,
1170 2067 1344 2101 dividere.
1370 2066 1461 2099 delle
1488 2065 1630 2110 parole3
1665 2077 1744 2099 con-

262 2123 404 2151 vertere
428 2115 446 2150 ὲ
471 2119 480 2133 ‘
495 2119 651 2157 spostare
665 2114 684 2147 ”.
709 2114 815 2147 Come
841 2113 994 2157 eseinpio
1016 2111 1107 2146 della
1126 2113 1255 2145 divisio
1277 2112 1466 2144 verborum
1484 2110 1622 2153 (tmesi)
1638 2110 1743 2152 Quin-

262 2162 397 2201 tiliano,
417 2159 554 2199 V111,‹5,
571 2159 625 2198 66,
651 2159 719 2193 cita
746 2159 770 2191 il
796 2170 895 2192 verso
920 2158 953 2191 di
983 2157 1132 2201 Virgilio
1155 2157 1305 2201 <Geor-(7.
1325 2156 1381 2195 111,
1399 2157 1479 2197 381)
1495 2167 1501 2187 :
1519 2156 1743 2200 loyperboreo

261 2213 394 2251 septem
419 2207 578 2240 subiecta
604 2206 725 2238 trioni.
750 2223 794 2229 —
818 2215 880 2238 nos
943 2206 1022 2240 niti,
1047 2202 1195 2246 dipende
1220 2212 1347 2235 ancora
1374 2202 1415 2234 da
1450 2202 1740 2235 meminerimus.

262 2272 304 2278 --
330 2263 393 2286 nos
428 2251 518 2295 (cioe
554 2255 729 2286 oratores)
806 2251 841 2283 in
880 2250 966 2286 acie,
1004 2248 1065 2282 cfr.
1094 2252 1115 2287 ,ξ
1139 2248 1184 2280 2:
1223 2249 1260 2280 in
1283 2248 1489 2290 procinctu,
1514 2256 1533 2279 e
1569 2250 1592 2287 ἓ
1617 2246 1637 2278 4
1663 2257 1696 2279 n.
1722 2258 1741 2280 a

263 2298 411 2331 athleta.
451 2316 495 2320 —
530 2295 579 2328 ad
614 2295 804 2329 victoriam
841 2295 920 2333 niti,
958 2306 987 2326 v.
1024 2293 1056 2331 2,
1092 2293 1156 2325 ⁴272
1195 2293 1243 2325 ad
1279 2294 1470 2326 victoriam
1505 2297 1674 2335 spectent.
1700 2310 1742 2317 —

263 2343 328 2377 30.
355 2352 479 2386 neque,
505 2340 718 2374 restrittivo:
744 2345 834 2373 ¹.n0n
860 2338 957 2377 ehe',
984 2345 1074 2371 ‘non
1100 2338 1156 2380 gia
1183 2337 1319 2371 ohe'...
1339 2356 1379 2361 -
1398 2348 1470 2380 eqo,
1498 2338 1585 2380 App.
1605 2336 1682 2369 crit.
1700 2355 1742 2362 -—

263 2395 347 2426 situ,
373 2386 535 2423 ‘niuffa';
572 2386 634 2419 cfr.
660 2385 759 2429 Virg.
791 2385 919 2427 Geor-(J.
946 2384 969 2422 l,
994 2383 1058 2416 72:
1085 2393 1228 2425 sennem
1260 2384 1403 2426 patiere
1439 2383 1511 2414 situ
1549 2381 1743 2415 durescere

262 2444 444 2476 campum.
482 2450 524 2456 —
559 2431 868 2474 fulyorem...qui
893 2435 1039 2466 terreat,
1066 2431 1134 2461 cosi
1174 2428 1271 2461 Oraz.
1304 2428 1420 2460 Far-m.
1459 2426 1500 2466 ll,
1539 2426 1568 2463 1,
1613 2426 1741 2461 ¹9:30:

265 2478 435 2522 ...ful-(sor
459 2487 652 2510 armorum
674 2477 825 2519 fuqqaces
846 2479 849 2514 i
873 2480 983 2508 terret
1007 2485 1114 2518 equos
1175 2492 1217 2499 —-
1242 2474 1362 2517 qualis
1386 2478 1438 2506 est
1460 2474 1565 2515 ferri,
1594 2483 1624 2504 v.
1653 2471 1742 2507 vlu,

263 2525 297 2562 3,
321 2523 359 2556 5:
385 2530 417 2555 et
442 2525 585 2563 serrum
604 2522 713 2566 affert
730 2520 843 2554 oculis
870 2522 1019 2553 terroris
1045 2519 1198 2563 aliquid,
1223 2525 1256 2552 et
1279 2518 1443 2562 fulmina
1462 2519 1537 2560 ipsa
1565 2528 1634 2549 non
1663 2523 1737 2549 tam

262 2580 328 2602 nos
352 2567 633 2612 confunderent,
657 2569 687 2599 si
713 2568 764 2599 vix
794 2577 919 2599 eorum
946 2571 1086 2597 tamtum
1115 2575 1185 2597 non
1211 2565 1318 2597 etiam
1349 2565 1421 2607 ipse
1445 2562 1574 2606 fulqor
1600 2564 1740 2595 timere-

265 2620 337 2648 tur.
363 2633 405 2639 —
430 2624 511 2658 quo,
534 2612 690 2656 fulssore,
725 2631 767 2637 —
787 2611 1093 2655 praestrinyiem·,
1118 2620 1235 2644 senso:
1273 2619 1358 2643 sono
1383 2607 1526 2653 colpiti3
1552 2608 1614 2642 cfr.
1640 2610 1663 2649 S*
1687 2607 1742 2641 92.
