1887 2901
22 0 109 47 &W
129 0 292 26 zar-mxx.
350 10 367 21 ,,

27 51 43 83 ζ’
67 55 74 60 1
197 90 203 94 ·
688 82 821 110 οΑΡυτ
848 83 906 109 111.
934 73 956 116 ξ
983 72 1035 110 30
1243 85 1246 88 ’
1543 73 1593 110 87

122 157 245 200 etiam
277 157 446 199 fortuita
476 157 550 198 hoc
581 157 774 211 cogitatio
805 159 996 211 praestat,
1028 159 1074 198 ut
1103 156 1239 199 obvios
1273 167 1352 197 non
1384 155 1594 198 videamus

121 227 163 265 et
190 225 336 265 itinere
357 223 604 264 deerrernus:
635 234 711 263 non
734 230 1024 274 consequemur
1053 221 1174 270 idem,
1197 222 1229 262 si
1253 223 1293 262 et
1316 220 1594 261 voluerimus?

121 287 208 329 Non
241 289 302 329 est
331 285 626 339 indulgendum
659 286 791 327 causis
812 285 1002 326 desidiae.
1035 285 1138 326 Nam
1171 286 1300 327 sinon
1330 285 1406 325 nisi
1440 285 1592 333 refecti,

63 350 66 351 ⁷
121 364 196 393 non
229 351 306 392 nisi
339 350 501 398 hilares,
534 363 607 391 non
633 351 709 391 nisi
741 350 928 391 omnibus
958 349 1052 390 aliis
1073 349 1181 390 curis
1213 351 1398 390 vacantes
1429 348 1593 390 studen-

120 415 216 456 dum
249 415 580 460 existimarimus,
603 427 758 468 semper
779 414 857 456 erit
877 418 1038 467 propter
1060 413 1166 466 quod
1188 414 1301 454 nobis
1322 414 1590 467 ignoscamus.

119 479 253 531 Quare
272 479 312 520 in
335 479 469 527 turba,
492 480 648 527 itinere,
666 478 861 520 conviviis
891 478 1013 519 etiam
1037 477 1161 518 faciat
1191 478 1268 518 sibi
1291 477 1484 530 cogitatio
1505 478 1592 530 ipsa
1617 484 1660 515 :30

119 544 331 585 secretum.
374 542 480 594 Quid
513 544 663 595 alioqui
703 543 784 591 fret,
823 555 916 583 cum
956 543 995 582 in
1035 542 1165 583 medio
1197 542 1291 590 foro,
1333 543 1394 582 tot
1423 542 1593 582 circum-

119 607 323 650 stantibus
352 607 530 655 iudiciis,
562 607 721 661 iurgiis,
753 606 932 648 fortuitis
971 607 1093 647 etiam
1127 606 1388 655 clamoribus,
1419 606 1497 646 erit
1527 618 1594 646 su-

120 672 205 713 bito
234 671 426 713 continua
455 672 631 713 oratione
653 670 882 719 dicendum,
904 671 937 711 si
970 670 1205 723 particulas,
1228 683 1328 723 quas
1349 671 1451 711 ceris
1484 683 1594 710 man·

117 737 274 784 damus,
297 736 376 777 nisi
407 737 447 776 in
471 735 688 777 solitudine
719 735 892 789 reperire
923 747 998 776 non
1026 736 1266 788 possumus?
1297 735 1468 787 Propter
1489 747 1592 787 quae

118 801 224 842 idem
258 801 329 842 ille
359 801 498 841 tantus
529 802 684 841 amator
715 801 854 841 secreti
891 800 1179 840 Demosthenes
1210 800 1251 839 in
1284 799 1415 847 litore,
1448 800 1486 839 in
1514 811 1592 851 quo

118 878 160 907 se
191 866 365 906 maximo
396 877 487 905 cum
519 877 611 905 sono
642 864 791 905 fluctus
826 863 1030 914 inlidet-et,
1070 865 1268 905 meditans
1309 864 1594 906 consuescebat

119 931 349 972 contionum
381 930 569 970 fremitus
601 941 674 970 non
703 941 976 982 expavescere.

119 1126 261 1163 itinere,
289 1126 375 1170 App.
405 1125 480 1157 crit.
509 1144 547 1151 —-
573 1125 795 1164 deerremus,
820 1135 884 1158 con
915 1123 1094 1158 l'ahlativo
1119 1135 1221 1158 senza
1250 1123 1488 1169 preposizione
1515 1122 1534 1157 ὁ
1559 1123 1594 1156 di

120 1181 183 1205 uso
207 1171 440 1215 postcrassico.
468 1189 510 1195 -
535 1181 606 1203 non
631 1181 904 1214 consequemur,
932 1183 948 1200 «
967 1182 985 1203 a
1006 1171 1062 1214 piu
1083 1171 1170 1204 forte
1190 1171 1332 1214 ragione
1359 1180 1426 1203 non
1489 1181 1519 1206 »ς
1545 1180 1594 1202 se-

120 1215 231 1250 condo
250 1215 580 1259 l'argomentazione
604 1226 625 1247 a
645 1217 784 1248 minore
809 1215 858 1248 ad
884 1217 1002 1248 maius
1027 1218 1074 1256 (v.
1095 1220 1174 1249 nota
1200 1216 1257 1247 cit.
1284 1227 1302 1247 a
1328 1226 1376 1248 an
1394 1219 1505 1255 vero),
1522 1225 1594 1247 non

120 1271 404 1305 consequemur.
421 1286 428 1292 .
455 1265 679 1309 rappresenta
697 1259 720 1292 il
741 1262 870 1298 maius,
889 1266 969 1292 με...
988 1260 1200 1293 (leem-emus
1218 1260 1241 1292 il
1260 1261 1394 1292 minus.
1419 1278 1461 1284 —
1487 1259 1594 1296 idem,

122 1304 391 1339 indeterminato
417 1315 434 1337 e
452 1304 573 1348 qurndi
598 1314 662 1337 con
682 1304 799 1337 valore
824 1305 998 1347 generale.
1025 1323 1066 1329 —
1086 1304 1322 1344 voluerimus,
1341 1304 1458 1337 futuro
1483 1308 1594 1336 esatto

121 1360 184 1384 con
210 1349 410 1393 significato
436 1349 468 1381 di
494 1349 612 1382 futuro
637 1349 820 1393 sempiice:
846 1348 915 1382 allo
941 1354 1050 1383 stesso
1075 1349 1176 1382 modo
1200 1349 1229 1381 si
1255 1348 1352 1382 suole
1370 1359 1470 1381 usare
1496 1348 1519 1380 il
1547 1348 1596 1380 fu-

121 1399 200 1428 turo
224 1399 340 1428 esatto
364 1393 418 1427 del
438 1394 544 1427 verbo
564 1405 678 1437 posse.
705 1413 746 1418 —
771 1404 843 1427 non
868 1395 949 1431 nisi,
977 1406 1006 1426 v.
1035 1393 1064 1432 1,
1089 1393 1143 1426 20.
1166 1413 1206 1418 —
1231 1394 1466 1432 studendum,
1482 1393 1545 1425 cfr.
1566 1391 1594 1430 1,

121 1439 167 1473 45
183 1449 215 1472 n.
241 1451 261 1472 a
285 1439 466 1472 studiosis.
482 1457 524 1463 —
541 1449 715 1482 semper...
736 1440 976 1481 iynoscamus,
995 1451 1011 1469 ‹<
1031 1449 1172 1472 avremo
1189 1449 1325 1482 sempre
1344 1438 1443 1471 modo
1461 1437 1506 1476 di,
1532 1442 1597 1470 tro-

121 1494 263 1518 veremo
287 1494 424 1527 sempre
449 1494 494 1516 un
514 1488 665 1527 pretesro
692 1494 750 1527 per
774 1483 925 1516 svusarci
944 1496 974 1515 ».
991 1503 1030 1507 —-
1081 1484 1135 1517 30
1172 1485 1323 1527 alioqui,
1348 1494 1382 1516 v.
1409 1486 1431 1524 g
1455 1483 1475 1514 7
1495 1493 1528 1514 n.
1553 1501 1597 1507 —

123 1534 174 1562 tot
197 1529 519 1562 circumstantibus
556 1529 712 1567 iudiciis,
749 1528 783 1560 in
809 1528 890 1572 ogni
924 1528 1067 1561 basiliva
1091 1534 1138 1570 (v.
1163 1529 1194 1566 5,
1220 1528 1261 1561 18
1285 1539 1304 1562 e
1329 1531 1376 1570 n.)
1408 1528 1437 1560 si
1468 1530 1595 1560 tratta-

122 1583 214 1607 vano
239 1577 652 1618 contemporaneamente
677 1577 816 1616 quattro
841 1583 960 1609 cause:
987 1573 1049 1606 cfr.
1069 1573 1148 1612 ΧΠ,
1172 1573 1203 1612 5,
1219 1572 1257 1605 6:
1282 1584 1365 1606 cum
1390 1574 1428 1605 in
1447 1571 1596 1606 basilica

123 1617 224 1651 Iulia
248 1619 384 1652 diceret
418 1620 540 1661 primo
566 1618 747 1651 tribunali
779 1618 1014 1660 (Trachalus,
1041 1629 1071 1650 v.
1104 1618 1133 1656 1,
1164 1617 1252 1659 119),
1284 1623 1444 1662 quatuor
1472 1622 1596 1650 autem

123 1663 273 1702 iudicia,
300 1670 340 1696 ut
366 1665 477 1696 moris
501 1669 563 1701 est,
592 1668 808 1706 cessei-entur
832 1669 940 1706 atque
972 1665 1095 1695 omnia
1126 1662 1348 1696 clamoribus
1376 1664 1597 1706 fremerent:

121 1714 157 1742 et
179 1708 351 1741 auditum
377 1718 460 1741 eum
485 1713 520 1741 et
549 1708 773 1740 mteclvctum
799 1714 874 1740 et
895 1707 1088 1740 laudatum
1115 1718 1256 1751 quoque
1280 1718 1325 1741 ex
1350 1713 1510 1750 quatuor
1535 1708 1596 1738 tri-

123 1753 322 1786 bunalibus
346 1754 509 1786 memmi.
527 1771 570 1778 —
587 1753 704 1785 subito
722 1768 764 1780 =
781 1763 827 1785 em
845 1758 1013 1795 tempore.
1028 1771 1070 1777 —
1083 1755 1256 1785 continua
1273 1753 1445 1790 oratione,
1458 1763 1475 1782 «
1489 1750 1598 1784 un'in-

123 1802 199 1832 tera
224 1797 388 1831 orazione
412 1797 454 1830 ad
481 1808 526 1829 un
552 1801 658 1830 tratto
677 1808 706 1830 »z
739 1797 801 1830 cfr.
830 1796 862 1834 5,
886 1797 925 1828 7:
951 1799 1142 1830 continuas
1177 1799 1383 1830 sententias.
1409 1815 1451 1822 -
1485 1797 1597 1840 parti-

122 1842 238 1884 culas,
270 1841 472 1887 ‘appunti'.
505 1860 547 1866 —
583 1844 687 1880 ceris,
718 1841 750 1875 le
780 1841 946 1874 tavolette
979 1846 1096 1875 cerate
1126 1852 1165 1874 su
1197 1842 1252 1874 cui
1286 1841 1535 1886 speeialmente
1569 1841 1595 1873 si

123 1886 332 1920 scrivevano
355 1886 406 1931 gli
423 1885 581 1930 appunti,
608 1897 652 1919 un
679 1886 902 1930 quid-simile
926 1886 1017 1919 delle
1049 1892 1164 1920 nostre
1188 1893 1286 1920 notes
1311 1890 1357 1929 (v,
1382 1890 1472 1920 sotto
1497 1888 1518 1926 ἓ
1543 1886 1597 1918 31:

122 1933 442 1970 membranarum,
478 1935 533 1970 n.).
558 1950 601 1956 —
637 1931 700 1963 ille
732 1937 854 1964 tantus
889 1937 1033 1965 amator
1064 1933 1202 1970 secreti,
1237 1941 1301 1965 con
1335 1931 1553 1965 riferimento
1578 1941 1599 1963 a

123 1976 178 2010 cio
202 1976 269 2009 che
293 1977 313 2010 e
337 1976 431 2010 detto
456 1980 478 2015 ,ξ
502 1976 555 2008 25.
581 1994 624 2000 -
653 1978 691 2008 in
718 1976 889 2013 litore,
923 1976 946 2008 il
973 1977 1060 2009 fatto
1089 1977 1107 2009 e
1133 1981 1273 2009 narrato
1297 1976 1340 2009 da
1373 1976 1447 2009 vari
1473 1975 1598 2011 autori,

123 2020 294 2055 Cicerone
318 2022 366 2064 (v.
384 2023 500 2060 sotto),
516 2020 592 2053 val.
613 2020 780 2054 Massinio
803 2020 909 2059 (VIII,
922 2021 953 2052 7.
972 2027 1042 2054 ext.
1059 2021 1102 2064 1),
1128 2020 1161 2054 10
1180 2021 1497 2064 Ιιεευι10·Ρ1υ13Γρο
1521 2022 1598 2061 (vit.

126 2065 165 2099 X
179 2071 313 2099 orator.
341 2077 372 2110 p.
392 2066 456 2097 844
482 2065 510 2098 E
527 2081 570 2094 =
590 2065 678 2103 Vlll,
699 2065 765 2107 13),
793 2065 939 2099 Libanio
965 2067 1038 2105 (vit.
1060 2066 1236 2099 Demosllz.
1262 2066 1315 2099 ed.
1329 2065 1446 2100 West.
1473 2077 1504 2109 p.
1522 2064 1599 2104 295,

121 2110 169 2143 70
183 2111 286 2154 sgg.).
311 2130 342 2134 —
365 2111 546 2143 inlitleret.
561 2110 582 2142 il
603 2109 831 2151 congiuntivo
851 2110 989 2152 (inveee
1007 2110 1294 2152 dell‘indicativo)
1318 2122 1336 2144 a
1363 2110 1517 2143 indicare
1534 2110 1600 2143 che

123 2155 334 2189 Demostene
357 2165 468 2188 aveva
493 2160 647 2199 appunto
673 2155 896 2189 l'intenzione
920 2155 954 2188 di
979 2155 1109 2189 andare
1133 2155 1220 2193 cola,
1245 2155 1332 2189 dove
1356 2156 1385 2188 si
1404 2165 1538 2189 recava.
1560 2175 1599 2178 -—

123 2201 316 2238 meditans,
350 2200 403 2233 nei
430 2210 531 2232 senso
555 2199 588 2231 di
624 2199 850 2233 «esercitarsi
869 2211 888 2232 a
907 2200 1042 2244 parlare
1062 2212 1091 2232 ».
1117 2199 1188 2233 Csr.
1213 2199 1284 2232 Cic.
1304 2202 1349 2233 de
1379 2199 1478 2233 Orat.
1497 2199 1520 2239 l,
1545 2198 1600 2238 61,

123 2243 205 2278 260:
230 2244 518 2287 (Demosthenes)
538 2246 691 2287 perfecit
727 2245 949 2287 meditando,
974 2251 1014 2277 ut
1038 2255 1141 2278 nemo
1164 2245 1316 2288 planius
1347 2256 1421 2278 esse
1457 2245 1600 2278 locutus

118 2295 339 2334 putantum·
363 2300 382 2322 e
403 2289 505 2321 Brut.
525 2289 579 2327 88,
597 2288 677 2321 302:
697 2289 946 2333 (Hortensius)
971 2289 1154 2323 nullum...
1167 2291 1381 2333 patiebatur
1403 2299 1476 2323 esse
1492 2289 1601 2328 diem,

123 2336 214 2379 quin
238 2341 303 2367 aut
327 2336 365 2366 in
388 2335 471 2377 foro
496 2334 630 2367 diceret
662 2339 728 2366 aut
754 2335 994 2368 meditaretur
1018 2340 1125 2368 extra
1147 2337 1283 2378 forum.
1315 2353 1357 2360 ——
1391 2335 1601 2368 contionum

122 2381 297 2424 fremitus
316 2389 564 2422 eoepavescere,
589 2377 660 2411 Cic.
685 2379 730 2411 de
757 2379 835 2411 Fin.
855 2379 894 2417 V,
920 2380 951 2414 2.
976 2379 1011 2411 5:
1038 2379 1155 2412 noli...
1173 2390 1220 2412 ex
1244 2390 1301 2413 me
1325 2389 1512 2424 quaerere,
1537 2380 1603 2423 qui

123 2426 164 2457 in
179 2423 416 2457 Phalericwn
446 2426 555 2455 etiam
580 2423 839 2462 descenderim,
857 2435 926 2468 quo
945 2426 983 2457 in
1002 2425 1077 2457 loco
1102 2424 1150 2456 ad
1174 2425 1328 2468 fluctum
1354 2428 1458 2458 aiunt
1482 2424 1602 2457 decla-

123 2479 230 2502 mare
251 2469 406 2502 solitum
422 2467 695 2501 Demosthenem
711 2468 886 2512 (ps.-Plut.
911 2469 931 2501 1.
946 2481 974 2501 c.
1001 2470 1175 2503 κατιόντα
1193 2471 1248 2502 ἐπὶ
1278 2471 1322 2504 τὸ
1341 2470 1604 2513 Φαληρικὸν...)

124 2519 170 2545 ut
195 2514 390 2557 fremitum
422 2513 652 2546 adsuesceret
681 2523 764 2546 voce
787 2516 942 2548 vincere.
967 2533 1010 2539 —
1043 2525 1292 2559 expavescere,
1319 2514 1441 2559 par-ola
1465 2513 1602 2558 poetica

124 2557 192 2592 che
216 2561 321 2606 passo
344 2558 437 2592 nella
463 2568 563 2602 prosa
591 2557 678 2602 dopo
705 2559 875 2601 Augusto.
