1887 2901
324 134 376 171 96
841 145 973 172 cu’ur
1003 146 1040 170 v.
1074 136 1095 181 ἓ
1129 134 1285 175 13-14

324 222 431 261 recta
462 222 622 262 tantum
655 222 696 262 et
724 220 766 262 in
798 220 932 262 nullos
961 220 1087 261 flexus
1117 221 1345 262 recedentia
1365 222 1520 275 copiose
1551 224 1801 275 tractaverit,

323 285 467 338 utique
497 286 537 326 in
569 287 655 327 illis
685 286 822 339 plures
852 296 1042 326 excursus
1080 285 1371 338 recipientibus
1408 288 1541 342 magis
1575 290 1803 331 abundabit
1853 318 1855 320 ψ

322 349 480 402 eritque
510 350 551 390 in
583 362 720 391 omnes
741 361 883 390 causas
903 351 1088 402 paratusz
1109 361 1248 390 omnes
1267 350 1376 390 enim
1398 351 1658 404 generalibus
1678 364 1798 404 quae-

256 426 298 460 13
322 413 522 454 stionibus
543 416 738 455 constant.
763 414 868 454 Nam
890 412 988 466 quid
1006 413 1175 454 interest
1196 418 1205 435 ⁶
1219 412 1430 455 Cornelius
1447 415 1638 456 tribunus
1654 416 1800 469 plebis,

252 873 292 906 14

321 477 428 530 quod
458 478 636 519 codicem
658 478 817 533 legerit,
841 491 932 518 reus
953 478 1007 518 sit
1023 477 1047 526 ',
1073 489 1122 518 an
1159 489 1404 530 quaeramus
1441 484 1450 500 ⁶
1468 479 1695 522 violeturne
1717 493 1797 522 ma-

320 541 456 592 iestas,
486 543 520 584 si
551 542 818 596 magistratus
849 542 1098 596 rogationem
1121 554 1236 582 suam
1268 542 1416 596 populo
1445 543 1530 596 ipse
1562 544 1798 585 recita-ritP'

320 606 446 648 ‘Milo
468 606 653 648 Clodium
690 608 847 648 rectene
868 605 1079 647 occiderit'
1105 606 1240 647 veniat
1277 607 1320 646 in
1355 606 1570 658 iudicium,
1591 620 1641 649 an
1665 613 1797 662 ‘opor-

319 673 454 712 teatne
484 671 763 712 insidiatorem
789 670 962 712 interfici
987 671 1046 712 vel
1070 670 1340 723 perniciosum
1363 671 1419 712 rei
1443 671 1631 724 publicae
1652 673 1798 724 civem,

319 735 478 775 etiamsi
524 748 599 776 non
646 735 909 776 insidietur':
943 734 1069 776 ‘Cato
1100 735 1297 776 Marciam
1334 735 1548 777 honestene
1582 736 1799 779 tradiderit

319 799 574 849 Hortensio',
609 812 659 840 an
691 805 700 821 ‘
719 799 980 841 conveniatne
1016 811 1077 840 res
1098 799 1194 839 talis
1216 799 1317 840 bono
1348 799 1496 840 viro’?
1527 800 1586 841 De
1617 801 1797 854 personis

318 863 536 914 iudicatur,
569 864 635 905 sed
668 864 715 905 de
746 864 865 905 rebus
886 864 1154 905 contenditur.
1177 863 1504 905 Declamationes
1531 877 1632 913 vero,
1655 865 1797 918 quales
1850 880 1852 882 ’

316 1008 440 1042 tensio.
465 1008 536 1041 Cfr.
563 1008 607 1049 11,
634 1008 664 1047 1,
692 1007 747 1041 11:
775 1018 984 1042 communes
1021 1007 1098 1047 loci,
1123 1009 1198 1041 sive
1237 1009 1302 1051 qui
1337 1012 1423 1040 sunt
1451 1008 1490 1040 in
1526 1009 1616 1042 vitia
1651 1008 1793 1049 directi,

316 1054 443 1097 quales
461 1053 618 1097 leyimus
636 1065 657 1086 a
681 1051 849 1087 Cicerone
860 1054 1083 1096 compositos,
1097 1063 1161 1086 seu
1179 1053 1311 1096 quibus
1327 1054 1554 1097 quaestiones
1566 1053 1795 1097 yeneraliter

316 1105 536 1137 tractantur,
562 1099 689 1143 quales
713 1105 799 1131 sunt
813 1099 901 1131 editi
914 1109 935 1130 a
955 1098 1088 1133 Quinto
1113 1108 1256 1142 quoque
1270 1097 1480 1131 Hortensio:
1499 1104 1540 1130 ut
1554 1099 1656 1133 ‘sitne
1660 1102 1793 1142 parvis

315 1145 543 1186 aryumentis
567 1143 804 1177 credendum*
830 1149 864 1177 et
886 1153 954 1186 pro
981 1143 1127 1176 testzbus
1151 1148 1186 1175 et
1211 1144 1247 1175 in
1263 1148 1376 1176 testes.
1391 1161 1432 1168 —
1457 1142 1555 1182 haec,
1572 1154 1657 1178 sono
1674 1143 1685 1176 i
1702 1144 1790 1178 varii

313 1188 457 1222 esercizi
481 1199 501 1221 3
525 1189 582 1222 cui
609 1188 653 1221 ha
679 1193 872 1222 accennato
897 1187 1235 1232 precedentemente.
1261 1206 1304 1212 —
1329 1193 1428 1220 recta
1463 1188 1541 1230 (cfr.
1567 1191 1590 1229 ἓ
1607 1188 1650 1223 8:
1674 1191 1792 1223 oracio

314 1236 435 1274 recta).
461 1233 659 1278 ‘questioni
684 1233 843 1277 semplici
859 1232 879 1275 ⁹,
904 1243 1002 1266 come
1029 1232 1151 1266 risulta
1175 1231 1268 1266 dalle
1293 1231 1412 1277 parole
1428 1234 1510 1266 etin
1526 1233 1650 1267 nullos
1670 1235 1792 1278 flexus

315 1280 530 1312 recedentia.
559 1299 598 1302 —
624 1280 663 1312 in
687 1279 810 1312 nullos
833 1280 953 1322 fle-'cus
978 1278 1194 1317 recedentia,
1221 1276 1286 1311 che
1311 1288 1380 1311 non
1397 1277 1583 1321 divagano,
1609 1278 1737 1322 perche
1753 1279 1790 1312 in

313 1335 388 1357 osse
413 1335 482 1357 non
507 1324 534 1356 si
563 1323 856 1367 particolareggia
882 1323 1022 1356 intorno
1047 1323 1115 1356 alle
1132 1322 1347 1356 eircostanze
1363 1322 1568 1365 (adiuncta)
1583 1329 1789 1358 enumerate

312 1369 346 1402 al
371 1371 394 1410 ἓ
420 1368 479 1406 1Ο;
504 1368 540 1401 in
567 1368 655 1402 altre
681 1368 809 1413 parole,
836 1379 903 1401 non
932 1368 1047 1401 hanno
1071 1367 1311 1412 applicazione
1336 1367 1462 1400 diretta
1488 1378 1507 1400 a
1533 1378 1678 1411 persone
1702 1368 1746 1402 ne
1769 1380 1788 1402 3

310 1414 391 1447 fatti
415 1413 639 1448 determinati
664 1424 696 1452 ο,
711 1424 809 1447 come
825 1413 902 1446 dice
919 1412 1137 1453 Quintiliano
1155 1411 1210 1455 (ll,
1232 1413 1260 1444 1.
1277 1411 1323 1452 9),
1341 1422 1426 1446 sono
1443 1413 1537 1446 citra
1554 1413 1788 1456 complexum

309 1469 439 1492 rerum
460 1469 788 1502 personarumque.
816 1461 842 1491 A
864 1464 994 1491 recta...
1013 1458 1218 1491 recedentia
1235 1457 1263 1489 si
1281 1461 1590 1501 conti-appongono
1616 1457 1647 1491 le
1671 1468 1788 1497 cause,

309 1504 376 1538 che
399 1514 485 1538 sono
510 1503 542 1537 le
568 1504 626 1547 piu
653 1513 847 1537 numerose.
878 1504 1006 1545 plures
1041 1513 1220 1536 excursus
1257 1503 1478 1545 recipientes,
1516 1502 1726 1536 suscettibili
1750 1503 1786 1536 di
1843 1524 1849 1530 ·

310 1549 407 1582 varie
431 1548 675 1593 applicazioni,
700 1560 719 1581 3
745 1548 893 1581 seconde
930 1547 1021 1581 delle
1058 1558 1204 1591 persone
1228 1557 1247 1580 e
1271 1546 1362 1581 delle
1394 1546 1619 1587 circostanze,
1643 1548 1733 1582 onde
1756 1548 1787 1582 si

309 1598 426 1634 tratta,
453 1594 528 1627 cioe
554 1593 615 1627 tali
641 1594 707 1627 che
733 1604 800 1626 non
826 1593 900 1626 solo
925 1598 1150 1631 aminettono.
1177 1603 1232 1625 ma
1258 1591 1369 1625 talora
1404 1591 1634 1636 richieggono
1657 1592 1788 1637 digres-

309 1638 398 1671 sioni
426 1639 540 1672 anche
566 1639 621 1672 nei
648 1638 705 1683 piu
733 1638 859 1671 minuti
896 1637 1111 1682 particolari.
1145 1657 1175 1661 -
1210 1640 1347 1680 utique,
1372 1642 1380 1655 ⁶
1405 1637 1497 1670 senz'
1514 1638 1606 1670 altro
1632 1637 1649 1669 ⁸.
1679 1657 1723 1663 —
1746 1639 1786 1672 in

305 1694 462 1717 omnes...
484 1689 653 1727 paratus,
677 1683 894 1717 costi-uzione
918 1682 952 1715 di
978 1683 1033 1717 cui
1059 1682 1149 1716 trovi
1185 1682 1339 1726 esempio
1363 1682 1477 1715 anche
1502 1682 1537 1715 iu
1571 1682 1653 1716 Τ36.
1679 1682 1778 1717 Dial.

307 1729 361 1761 41:
386 1731 423 1761 in
448 1730 692 1773 obsequium...
716 1735 876 1771 paratos.
902 1726 973 1761 Cfr.
993 1738 1095 1772 sopra
1114 1727 1143 1767 1,
1160 1728 1198 1759 2:
1221 1727 1494 1771 paratam...acl
1517 1738 1641 1761 omnes
1658 1739 1777 1762 casus.

305 1792 350 1799 —
370 1774 605 1817 yeneralzbus
629 1775 912 1817 quaestionibus,
935 1773 1126 1816 qenerales
1143 1788 1186 1801 =
1211 1773 1391 1815 infinitam
1424 1772 1486 1805 cfr.
1513 1771 1571 1812 lll,
1595 1772 1627 1811 5,
1654 1771 1688 1806 9:
1713 1772 1784 1807 hae

305 1825 440 1854 autem.
465 1830 556 1863 quas
581 1820 744 1863 infinitas
758 1829 851 1857 voco,
869 1818 1104 1859 etqenerales
1120 1817 1380 1861 appellantur:
1397 1817 1494 1861 quod
1506 1818 1539 1850 si
1561 1824 1612 1851 est
1636 1828 1777 1859 verum,

302 1865 430 1907 finitae
452 1864 624 1908 speciales
648 1870 768 1898 erunt.
796 1883 837 1889 —
883 1863 940 1898 13.
957 1864 1048 1908 quid
1073 1865 1232 1900 interest,
1259 1872 1326 1896 non
1353 1874 1372 1894 (ι
1389 1862 1456 1895 che
1481 1862 1631 1906 importa
1649 1876 1679 1901 »,
1701 1873 1776 1897 ma:

302 1915 311 1927 ⁸
336 1909 403 1943 che
427 1909 612 1943 differenza
637 1908 666 1942 c'
688 1910 706 1943 6
732 1909 750 1941 “.
779 1928 818 1932 -
846 1909 1068 1943 Cornelius...
1096 1908 1234 1951 leqerit,
1259 1908 1382 1941 invece
1408 1906 1462 1941 del
1487 1907 1778 1942 banditoreacui

305 1959 448 1987 toccava
474 1955 544 1988 tale
570 1954 873 1988 ufficioAccenno
898 1966 916 1987 3
933 1965 1000 1987 una
1015 1953 1151 1987 celebre
1170 1964 1275 1986 causa
1300 1951 1356 1986 del
1380 1951 1510 1996 687s67
1536 1951 1684 1986 relativa
1708 1953 1780 1986 alla

306 2004 467 2043 proposta
491 2001 747 2044 (rogationem)
775 2005 974 2044 presentata
1001 1999 1042 2031 da
1057 1998 1094 2031 C.
1122 1998 1294 2037 Cornelio,
1311 1997 1451 2031 tribuno
1478 1996 1571 2031 della
1586 1997 1698 2042 plebe,
1714 1997 1782 2032 che

304 2043 456 2077 soltanto
475 2045 498 2078 il
516 2045 640 2089 popolo
657 2055 779 2078 avesse
805 2044 932 2078 facolta
958 2044 991 2076 di
1020 2044 1205 2087 sciogliere
1230 2054 1277 2077 un
1301 2042 1471 2076 cittadino
1494 2041 1722 2087 dall'obbligo
1745 2043 1780 2076 di

304 2099 485 2124 osservare
511 2101 577 2123 una
605 2090 718 2134 legge.
746 2089 772 2122 ll
798 2101 860 2123 sno
874 2089 1010 2133 collega
1029 2089 1067 2122 P.
1086 2088 1257 2122 Servilius
1274 2087 1489 2127 Globulus,a
1513 2087 1569 2121 cio
1591 2087 1708 2132 spinto
1721 2087 1778 2122 (131

305 2134 443 2173 Senato,
470 2135 497 2168 si
516 2145 644 2179 oppose
661 2135 935 2169 nell‘assemblea
954 2134 1024 2167 nlla
1043 2133 1171 2167 lettura
1184 2133 1277 2168 della
1296 2132 1603 2178 p1·0p0sta;allora
1615 2131 1780 2167 Cornelio

303 2181 446 2224 strappo
471 2180 504 2212 di
531 2191 634 2213 mano
659 2180 691 2213 31
718 2180 899 2214 banditore
926 2179 949 2212 il
976 2179 1085 2223 foglio
1105 2179 1293 2221 (codicem)
1317 2189 1356 2211 su
1381 2177 1440 2210 cui
1467 2188 1526 2211 era
1556 2178 1678 2211 scritta
1701 2188 1720 2212 e
1746 2177 1780 2212 13

303 2223 393 2258 lesse
417 2225 488 2269 egli
513 2230 634 2259 stesso.
661 2225 728 2258 Per
752 2224 822 2258 tale
847 2224 1041 2258 violazione
1054 2224 1146 2258 della
1165 2223 1268 2268 legge
1286 2224 1322 2256 fu
1340 2227 1504 2256 accusato
1521 2223 1554 2255 di
1577 2222 1684 2257 offesa
1708 2222 1779 2256 3113

302 2272 436 2303 maesta
461 2272 656 2311 (maiestas.
680 2269 852 2303 s'intonde
873 2269 1004 2314 populi
1029 2271 1188 2311 romani)
1214 2269 1268 2302 del
1294 2267 1430 2313 popolo,
1455 2278 1513 2300 ma
1525 2266 1597 2302 Cic.
1616 2267 1650 2302 1ο
1669 2266 1780 2302 difese

304 2314 613 2349 vittoriosamente.
639 2314 710 2349 Cfr.
736 2314 807 2348 Cic.
826 2318 864 2348 in
878 2315 992 2348 Vatin.
1009 2314 1042 2353 2,
1059 2314 1088 2347 5.
1106 2334 1145 2338 -
1171 2325 1258 2347 reus
1269 2316 1326 2353 sit,
1342 2316 1430 2358 App.
1445 2312 1521 2346 crit.
1536 2332 1576 2336 —
1595 2313 1781 2347 insidiato-

302 2370 414 2392 rem...
434 2361 491 2394 vel
505 2362 753 2404 perniciosum
766 2362 892 2398 civem,
907 2370 992 2393 sono
1006 2359 1015 2392 i
1032 2359 1130 2403 punti
1146 2359 1285 2393 intorno
1299 2370 1318 2391 a
1333 2359 1388 2392 cui
1407 2357 1436 2391 si
1454 2356 1575 2400 svolge
1593 2357 1779 2392 l'orazione

302 2403 524 2439 ciceroniana
538 2416 609 2449 pro
629 2406 778 2442 Milone,
792 2416 852 2449 per
869 2405 893 2437 il
911 2404 1014 2449 quale
1033 2416 1062 2436 v.
1082 2405 1109 2441 1,
1121 2404 1166 2437 23
1183 2415 1215 2437 n.
1230 2415 1250 2437 3
1266 2404 1419 2437 Brutus.
1436 2401 1512 2436 Cfr.
1527 2401 1584 2445 111,
1598 2402 1631 2443 6,
1644 2402 1779 2442 93;1V‚

301 2448 333 2485 3,
363 2450 418 2486 17:
445 2450 520 2487 Vll,
549 2451 576 2489 1,
602 2450 655 2484 34.
684 2470 720 2474 —
754 2449 871 2483 Cato...
893 2450 1094 2488 Hortensio,
1112 2448 1245 2483 Catone
1263 2448 1428 2482 L'ticense
1445 2447 1580 2481 cedette
1598 2446 1631 2481 13
1648 2446 1780 2493 moglie

300 2494 433 2529 Marcia
459 2495 657 2529 all'oratore
681 2495 721 2536 Q.
746 2495 919 2533 Ortensio,
945 2495 968 2527 il
990 2494 1093 2538 quale
1118 2494 1235 2538 gliene
1252 2505 1363 2527 aveva
1381 2493 1469 2526 fatto
1486 2492 1663 2526 richiesta.
1681 2492 1779 2537 Dopo

301 2540 333 2573 la
360 2546 471 2574 moi-te
496 2541 528 2573 di
555 2540 728 2579 Ortensio,
753 2550 817 2573 con
837 2540 892 2573 cui
918 2544 1022 2573 stette
1047 2539 1103 2572 dal
1129 2539 1261 2582 698s56
1285 2539 1318 2572 31
1343 2536 1471 2583 ’704150
1488 2537 1621 2571 Marcia
1647 2537 1779 2572 rientro

301 2585 394 2619 nella
421 2597 500 2619 casa
526 2586 579 2618 ‹lol
608 2585 719 2630 primo
744 2586 880 2618 marito.
907 2584 978 2618 Cfr.
1006 2584 1062 2618 111.
1087 2585 1120 2623 5,
1146 2584 1197 2617 11.
1226 2604 1265 2609 ——
1292 2585 1381 2618 bono
1399 2585 1489 2619 viro,
1505 2582 1565 2627 qui
1583 2583 1601 2616 6
1627 2582 1779 2633 propria-

301 2636 417 2665 mente
443 2631 466 2664 il
494 2636 611 2665 nostro
636 2637 643 2648 ⁵
659 2630 910 2675 gentiluoino'.
941 2649 983 2656 —
1009 2631 1126 2669 rebus,
1145 2629 1320 2674 questioni
1349 2627 1518 2673 generali,
1536 2627 1712 2673 principii.
1735 2645 1781 2655 —
