1887 2901
195 531 239 564 24

270 106 321 153 12
848 123 981 150 cnm·
1010 125 1036 150 ι.
1068 114 1089 159 ξ
1117 112 1168 149 24

268 211 409 240 causas
439 200 486 240 ut
516 199 687 252 quisque
718 197 850 249 egerit
879 197 982 238 utile
1012 197 1091 238 erit
1121 197 1234 238 scire.
1271 195 1378 238 Nam
1409 195 1458 236 de
1489 195 1606 236 domo
1635 193 1749 236 Cice-

267 264 374 304 ronis
404 264 507 305 dixit
537 263 720 304 Calidius
751 264 791 303 et
821 274 890 314 pro
921 261 1073 302 Milone
1103 261 1322 302 orationem
1366 261 1520 301 Brutus
1560 259 1749 300 exercita—

267 327 389 369 tionis
417 327 552 382 gratia
582 327 756 380 scripsit,
788 325 949 367 etiamsi
971 325 1100 379 egisse
1136 338 1227 366 eum
1251 324 1462 367 Cornelius
1485 324 1626 366 Celsus
1647 322 1749 364 falso
1786 375 1792 378 Π
1850 372 1851 375 ¹

266 393 484 442 existimat,
516 393 556 433 et
586 391 718 433 Pollio
763 393 803 432 et
848 389 1022 431 Messala
1061 389 1327 431 defenderunt
1357 389 1529 438 eosdem,
1560 390 1601 430 et
1631 387 1747 429 nobis

265 457 401 509 pueris
431 456 611 510 insignes
640 468 711 508 pro
741 455 944 496 Voluseno
979 453 1125 496 Catulo
1163 454 1319 495 Domiti
1350 454 1453 501 Afri,
1487 453 1617 506 Crispi
1650 451 1750 493 Pas-

266 521 381 570 sieni,
414 521 571 562 Decimi
604 520 716 561 Laeli
764 520 964 561 orationes
995 519 1238 560 ferebantur.
1272 518 1413 571 Neque
1443 518 1485 558 id
1516 517 1656 560 statim
1689 516 1749 558 le-

265 586 376 639 genti
406 598 645 639 persuasum
692 585 758 634 sit,
795 584 943 634 omnia,
989 595 1092 636 quae
1138 583 1280 636 optimi
1328 584 1511 624 auctores
1557 581 1748 631 dixerint,

265 650 408 703 utique
439 662 522 691 esse
552 649 743 703 perfecta.
776 648 880 689 Nam
913 650 954 689 et
989 647 1185 689 labuntur
1224 646 1444 700 aliquando
1474 649 1515 688 et
1544 646 1651 688 oneri
1684 658 1749 688 ce-

264 715 367 755 dunt
396 716 437 755 et
466 713 682 767 indulgent
724 713 980 767 ingeniorum
1026 724 1191 753 suorum
1236 711 1452 765 voluptati,
1483 724 1555 752 nec
1590 723 1749 764 semper

265 779 483 820 intendunt
512 779 712 827 animum,
737 789 1042 830 nonnumquam
1066 776 1307 831 fatigantur,
1329 789 1420 817 cum
1453 775 1635 817 Ciceroni
1659 775 1747 816 dor-

264 844 409 885 mit-are
440 843 604 884 interim
637 843 942 890 Demosthenes,
973 842 1144 883 Horatio
1166 854 1257 882 vero
1284 841 1407 882 etiam
1440 841 1642 882 Homerus
1662 840 1748 894 ipse

263 951 492 996 precedente;
518 951 537 984 e
554 961 574 984 o
591 951 701 983 svista
717 961 737 983 ο
755 954 1020 983 trascuratezza.
1037 951 1125 994 App.
1145 949 1221 982 crit.
1237 968 1280 974 —
1292 960 1423 983 causas
1442 974 1490 992 ...‚
1506 950 1595 992 App.
1611 946 1690 981 erit.
1706 967 1745 974 -κ

263 1008 362 1036 nam,
380 997 403 1029 il
423 1001 540 1030 nostro
558 1002 565 1014 ⁶
580 995 651 1029 cosi
667 995 686 1033 ’,
704 995 759 1029 nel
779 1006 880 1029 senso
898 995 931 1027 di
949 1007 967 1026 «
982 1005 1042 1039 per
1059 994 1212 1038 esempio
1228 1007 1258 1026 ».
1275 1013 1317 1019 —
1338 994 1516 1030 Calidius,
1538 993 1586 1025 M.
1604 992 1666 1034 (M.
1684 991 1748 1025 Ca·

263 1041 374 1083 lidio),
400 1041 549 1075 secondo
573 1040 645 1074 Cic.
674 1041 781 1073 Brut.
806 1039 862 1080 79,
886 1040 963 1075 274,
988 1050 1060 1073 non
1085 1041 1160 1083 fait
1177 1045 1301 1073 orator
1319 1050 1416 1072 unus
1432 1049 1450 1072 e
1467 1038 1606 1076 multis,
1620 1039 1745 1081 potius

263 1089 360 1120 inter
392 1086 525 1119 multos
546 1096 661 1130 prope
685 1086 887 1129 sinyzclaris
914 1087 998 1128 fnit.
1035 1085 1083 1117 Fu
1117 1089 1349 1128 governatore
1373 1083 1467 1117 della
1493 1082 1610 1117 Gallia
1634 1082 1747 1116 Cisal·

264 1132 358 1176 pina,
381 1142 400 1165 e
425 1130 513 1164 mori
538 1131 561 1164 il
589 1130 723 1173 707s47.
749 1130 979 1164 Conosciamo
1005 1129 1013 1162 i
1044 1129 1134 1163 titoli
1159 1129 1193 1162 di
1220 1129 1405 1173 parecchie
1441 1128 1597 1162 orazioni
1622 1127 1658 1160 di
1684 1126 1746 1167 lui,

264 1178 317 1210 fra
342 1177 374 1210 le
399 1176 493 1221 quali
519 1187 577 1210 era
604 1176 720 1220 quella
758 1176 802 1209 de
837 1176 943 1208 domo
985 1174 1175 1212 Ciceronis,
1212 1174 1267 1208 del
1303 1173 1442 1217 697157,
1467 1173 1501 1206 di
1537 1177 1746 1217 argomento

263 1222 416 1255 identico
451 1220 522 1254 alla
558 1221 782 1254 ciceroniana
813 1231 884 1265 pro
920 1221 1026 1253 domo
1062 1231 1130 1253 sua
1163 1220 1211 1252 acl
1232 1220 1430 1263 pontifices.
1461 1239 1503 1242 —
1528 1218 1672 1252 Brutus
1696 1219 1745 1261 (v.

263 1270 285 1307 ,ξ
312 1267 399 1308 123),
424 1265 462 1299 in
487 1270 619 1300 coteste
645 1265 806 1300 orazione
830 1276 977 1299 cercava
1002 1265 1034 1297 di
1061 1265 1278 1309 giustificare
1303 1264 1436 1298 Milone
1455 1274 1516 1308 per
1541 1262 1746 1297 l'uccisione

263 1312 296 1345 di
322 1311 455 1352 Clodio,
479 1311 718 1345 dimostrando
742 1310 807 1344 che
832 1310 944 1344 cosmi
980 1321 1090 1343 avcva
1127 1310 1290 1343 meritato
1325 1310 1357 1342 la
1383 1314 1506 1347 morte,
1531 1308 1660 1354 perche
1685 1318 1746 1342 era

264 1368 309 1390 un
337 1357 487 1401 pessimo
512 1356 701 1393 cittadino:
738 1356 801 1389 cfr.
839 1355 895 1394 ΙΙΙ,
920 1355 952 1395 6,
977 1354 1042 1388 93;
1077 1365 1095 1387 e
1130 1359 1219 1388 sotto
1245 1355 1276 1393 5,
1303 1355 1343 1388 13
1368 1366 1387 1388 e
1411 1354 1464 1386 20.
1490 1372 1534 1379 —
1558 1355 1683 1397 eyisse,
1709 1353 1745 1386 in

262 1402 586 1446 contrapposizione
622 1413 641 1434 a
677 1403 843 1444 scripsit,·
878 1411 986 1443 assere
1022 1400 1040 1433 e
1076 1400 1170 1433 detto
1195 1399 1228 1432 di
1268 1399 1501 1433 un'orazione
1526 1397 1591 1432 che
1615 1397 1645 1431 si
1672 1408 1746 1442 pro-

262 1458 400 1480 nunma.
427 1467 469 1471 -—
512 1446 701 1480 Cornelius
739 1447 875 1482 Celsus,
897 1457 928 1478 v.
956 1448 978 1486 g
1004 1444 1076 1477 124.
1104 1465 1146 1468 ——
1171 1451 1248 1478 et...
1263 1452 1307 1482 et,
1333 1444 1357 1477 il
1382 1445 1497 1489 primo
1529 1444 1692 1487 risponde
1725 1453 1746 1476 a

262 1492 379 1536 quello
396 1492 538 1525 davanti
557 1503 578 1525 a
594 1493 706 1526 nobis.
733 1512 763 1515 —
792 1491 945 1529 eosdem,
971 1489 1166 1534 ignoriamo
1191 1501 1210 1522 a
1236 1490 1339 1534 quale
1364 1500 1469 1523 causa
1495 1488 1613 1522 alluda
1637 1487 1746 1529 Quin-

263 1537 397 1571 tiliano.
424 1557 466 1562 —
492 1538 592 1571 nobis
614 1538 752 1580 pueris,
770 1535 863 1570 nelle
887 1535 1016 1569 scuole.
1043 1555 1084 1559 —
1121 1534 1294 1568 Voluseno
1318 1534 1456 1571 Catulo,
1475 1544 1543 1567 non
1561 1534 1744 1578 sappiamo

262 1582 319 1616 ehi
334 1582 386 1616 sia
400 1586 503 1616 stato.
525 1601 569 1607 -
584 1582 721 1616 Domiti
736 1583 834 1625 Afri,
848 1593 878 1613 v.
893 1584 915 1622 g
934 1581 1008 1613 118.
1023 1599 1066 1605 —
1086 1580 1203 1624 Crispi
1217 1580 1387 1614 Passieni
1400 1578 1536 1624 (Crispo
1551 1577 1745 1617 Passieno),

262 1627 286 1660 il
305 1627 467 1672 giovane,
486 1628 537 1660 bis
555 1627 693 1666 consul,
712 1633 847 1666 orator,
864 1627 1090 1670 Ayrippinae
1106 1627 1342 1658 matrimonio
1359 1631 1392 1658 et
1413 1624 1557 1658 Nerone
1570 1624 1744 1667 priviqno

262 1673 400 1706 clarior
421 1678 545 1716 postea
571 1672 676 1712 (Plin.
704 1671 749 1704 N.
776 1671 821 1705 H.
849 1670 901 1714 16,
924 1671 1030 1712 242);
1055 1669 1144 1704 morl
1169 1669 1226 1704 nel
1253 1670 1295 1702 49
1319 1671 1350 1702 d.
1376 1669 1432 1703 Cr.
1457 1668 1677 1710 Quintiliano
1702 1668 1745 1701 ri-

262 1718 378 1761 corda,
403 1717 461 1758 Vl,
489 1717 517 1756 1,
543 1717 597 1758 50,
623 1716 774 1750 un'altra
799 1717 959 1750 orazione
985 1715 1018 1748 di
1046 1715 1093 1749 lui
1120 1727 1180 1760 pei·
1206 1715 1237 1748 la
1265 1714 1376 1759 prima
1402 1714 1545 1758 moglie.
1576 1713 1744 1747 Domizia.

261 1763 333 1797 Cfr.
353 1762 411 1803 Vl,
428 1763 459 1803 3,
476 1762 531 1795 74.
556 1783 600 1787 —
618 1763 757 1796 Decimi
770 1761 875 1795 Laeli
889 1761 1045 1796 (Decimo
1066 1761 1188 1801 Lelio'),
1205 1771 1287 1805 pare
1304 1760 1356 1793 sia
1373 1760 1412 1791 I).
1425 1759 1575 1793 Laelius
1595 1758 1745 1797 Balbus,

261 1808 427 1848 delatore,
465 1808 599 1842 vissuto
635 1808 668 1841 ai
706 1807 811 1851 tempi
849 1806 882 1839 di
921 1806 1072 1840 Tiberio.
1109 1806 1163 1840 del
1202 1806 1305 1850 quale
1343 1805 1464 1838 Tacito
1494 1805 1591 1838 Ann.
1617 1803 1676 1847 Vl,
1700 1803 1745 1837 48

261 1854 397 1888 scrive:
424 1855 520 1887 truci
544 1853 750 1897 eloquentia
786 1853 1004 1886 habebatur,
1035 1857 1230 1895 promptus
1266 1851 1464 1884 adversum
1508 1851 1676 1883 insontes.
1701 1868 1743 1873 —-

260 1900 487 1943 ferebantur,
514 1899 546 1931 lo
571 1903 681 1932 stesso
708 1898 813 1932 verbo
838 1907 899 1941 per
923 1896 1112 1941 esprinierc
1138 1896 1238 1931 l'idea
1255 1922 1262 1932 ,
1288 1895 1420 1928 ⁴-andar
1445 1905 1507 1939 per
1531 1894 1564 1928 le
1588 1893 1684 1927 mani
1709 1893 1743 1926 di

262 1944 344 1977 tutti
360 1944 380 1984 ’‚
405 1944 424 1978 e
449 1949 548 1976 usato
574 1947 596 1985 ξ
624 1944 687 1976 129
712 1954 730 1977 e
754 1943 785 1981 7,
812 1942 865 1976 30.
892 1962 934 1967 —
993 1942 1057 1976 24.
1082 1953 1198 1985 neque
1234 1942 1272 1974 id
1365 1951 1430 1974 con
1464 1940 1685 1974 riferimento
1709 1938 1744 1972 al

262 1994 417 2034 precetto
442 1989 590 2022 relativo
627 1988 696 2021 alla
734 1989 873 2027 lettura,
899 1986 1084 2026 esclusiva,
1123 1987 1216 2031 degli
1256 1985 1368 2019 autori
1405 1985 1518 2019 ottiuii
1544 1988 1581 2026 (g
1605 1983 1675 2023 20).
1699 2001 1743 2009 —

262 2037 386 2068 omnia
404 2035 530 2078 utique
547 2044 622 2067 esse
636 2035 812 2077 perfecta,
830 2033 848 2067 e
866 2032 890 2065 il
911 2037 1042 2066 nostro:
1064 2044 1080 2063 «
1144 2033 1211 2066 che
1229 2031 1279 2064 sia
1300 2036 1388 2064 tutto
1405 2041 1466 2064 oro
1483 2030 1517 2063 di
1536 2029 1694 2074 coppella
1711 2041 1743 2061 ».

262 2098 305 2105 —
324 2086 490 2113 auctores
506 2094 549 2107 =
566 2081 770 2122 scriptores,
795 2077 990 2116 senz'altro,
1017 2088 1078 2110 uso
1104 2076 1388 2122 frequentissimo
1417 2076 1451 2109 in
1477 2075 1623 2116 Quintil.
1641 2085 1660 2108 e
1686 2073 1743 2107 nei

261 2125 338 2158 suoi
373 2124 680 2168 contemporanei:
719 2135 749 2157 v.
776 2126 797 2165 ξ
826 2123 893 2157 48:
931 2129 1116 2156 auctorem
1143 2134 1161 2157 e
1187 2134 1220 2155 n.
1256 2141 1299 2145 --
1326 2122 1505 2155 labuntur
1529 2119 1742 2165 aliquando,

262 2170 324 2203 cfr.
349 2170 382 2213 2,
408 2169 467 2203 15:
494 2171 532 2202 in
558 2171 702 2212 maqnis
738 2180 880 2213 quoque
916 2169 1127 2201 auctoribus
1164 2167 1334 2201 incidunt
1368 2166 1495 2210 aliqua
1533 2167 1676 2199 vitiosa.
1699 2182 1744 2190 —

261 2217 366 2249 oneri
389 2215 532 2252 cedunt,
560 2226 589 2247 v.
616 2218 637 2255 g
662 2214 727 2247 62:
753 2215 846 2257 epici
869 2215 1046 2247 carminis
1070 2224 1181 2247 onera
1209 2213 1291 2257 lyra
1316 2214 1551 2245 sustinentem
1567 2221 1577 2249 ,·
1595 2221 1614 2244 e
1637 2208 1743 2247 219:

262 2262 300 2293 in
325 2260 556 2304 suscipiendo
589 2270 698 2293 onere
732 2259 900 2293 consulat
930 2270 1016 2292 suas
1055 2259 1157 2291 vires.
1198 2278 1236 2282 —-
1275 2256 1470 2300 indulgent
1506 2256 1742 2300 inqeniorum

261 2316 414 2339 suorum
442 2306 632 2349 voluptati,
657 2303 730 2338 cosi
756 2308 778 2345 ξ
802 2303 867 2337 98ῑ
896 2305 1039 2347 ἱηῃεηιό
1064 2315 1128 2337 suo
1191 2302 1395 2345 indulyere.
1434 2321 1475 2326 —-
1512 2311 1577 2335 nec
1600 2310 1745 2343 semper

260 2352 460 2384 intendunt
482 2352 666 2390 animum,
691 2349 724 2383 la
749 2349 894 2392 ragione
931 2348 964 2382 di
1002 2348 1056 2381 cio
1092 2354 1144 2381 sta
1183 2348 1238 2381 nel
1276 2349 1499 2392 s'atiynnlnr,
1522 2346 1589 2380 che
1613 2355 1650 2379 se
1679 2355 1743 2378 ue:

312 2395 440 2440 perche
465 2397 493 2428 si
519 2400 665 2430 sentono
689 2394 839 2428 stanchi.
859 2414 900 2419 —
923 2394 1083 2427 ciem-om
1147 2392 1413 2428 Demosthenes,
1430 2391 1464 2424 in
1484 2401 1634 2425 nessuna
1676 2389 1745 2423 elle

261 2452 323 2474 sue
347 2452 463 2485 opere,
487 2440 553 2475 che
578 2439 830 2478 conserviamo,
855 2439 1023 2473 Cicerone
1050 2451 1110 2471 usa
1136 2439 1251 2472 simile
1270 2437 1487 2482 espressione
1511 2436 1745 2478 (dormitare)

262 2485 431 2531 parlando
456 2485 489 2519 di
518 2486 746 2524 Demostene;
773 2497 827 2518 nia
854 2484 1131 2529 probabilmente
1155 2483 1374 2525 Quintiliano
1391 2492 1460 2516 non
1486 2481 1556 2515 cita
1576 2491 1622 2514 un
1641 2490 1744 2525 passo

261 2531 296 2564 di
321 2531 510 2565 Cicerone:
537 2530 684 2565 volendo
710 2535 856 2564 mettere
881 2529 1001 2563 avanti
1028 2530 1082 2563 nel
1109 2529 1298 2563 medesimo
1323 2533 1439 2572 tempo
1465 2537 1511 2560 un
1536 2525 1692 2571 giudizio
1710 2524 1747 2558 di

261 2575 310 2610 lui
337 2588 355 2609 e
382 2587 450 2610 uno
475 2576 508 2609 di
535 2576 670 2616 Orazio,
694 2576 845 2619 adopera
887 2586 946 2620 per
983 2575 1115 2607 brox’itii
1157 2579 1278 2619 questo
1314 2572 1391 2606 solo
1417 2572 1532 2610 verbo,
1558 2570 1613 2605 del
1639 2570 1746 2616 quale

261 2621 386 2656 Orazio
422 2622 450 2655 si
476 2622 494 2655 e
521 2621 617 2655 valso
652 2631 716 2665 per
750 2623 877 2655 Omero
914 2620 1147 2664 (quandoqae
1185 2620 1298 2653 bonus
1332 2619 1509 2652 dormitat
1547 2616 1746 2657 Homerus,
