1887 2901
253 313 292 345 91

250 771 294 803 92

1345 16 1351 29 ,
1380 0 1383 4 ·
1438 0 1887 63 ’.ςῖπιῖ-ᾕιζῖτψὲξξςφςγςη

1539 44 1552 46 “
1668 46 1678 62 Ἴ·
1715 50 1721 57 τ
1738 47 1743 49 ·
1783 46 1785 49 ’
1831 44 1854 68 p?
1870 47 1871 50 ¹

323 101 375 138 44
850 111 983 138 cartrr
1011 112 1038 138 1.
1071 100 1092 146 ξ
1119 99 1276 137 91--92
1311 104 1313 107 ’

323 185 560 227 Lucanus
590 185 733 227 ardens
763 186 804 226 et
828 185 1055 226 concitatus
1076 187 1118 226 et
1137 185 1351 226 sententiis
1381 184 1647 235 clarissimus,
1669 185 1723 236 et,
1753 186 1801 227 ut

322 249 455 290 dicam
486 250 592 303 quod
622 250 763 300 sentio,
802 250 932 303 magis
972 249 1198 290 oratoribus
1238 262 1361 302 quam
1397 251 1527 304 poetis
1562 249 1798 291 imitandus.

323 314 405 355 Hos
436 315 746 364 nominavimus,
778 315 875 367 quia
900 312 1262 355 Germanicum
1295 314 1584 369 Augustum
1615 315 1666 356 ab
1687 315 1801 356 insti-

321 379 422 419 tutis
452 379 599 420 studiis
629 378 792 420 deflexit
821 391 918 420 cura
954 380 1168 425 terrarum,
1209 391 1434 431 parumque
1470 379 1532 420 dis
1568 379 1702 420 visum
1739 381 1801 420 est

319 456 404 484 esse
435 456 526 484 eum
559 444 783 484 maximum
813 445 1037 496 poetarum.
1061 442 1169 493 Quid
1199 445 1334 484 tamen
1367 444 1430 484 his
1460 444 1560 496 ipsis
1591 443 1680 485 eius
1708 455 1801 497 ope-

319 507 445 556 ribus,
476 508 516 547 in
560 519 661 560 quae
701 508 846 549 donato
887 507 1058 560 imperio
1097 507 1256 547 iuvenis
1297 511 1527 560 secesserat,
1565 507 1799 558 sublimius,

320 569 490 619 doctius,
520 572 708 612 omnibus
739 571 913 624 denique
945 571 1125 612 numeris
1156 571 1455 624 praestantius?
1479 571 1580 623 Quis
1601 572 1710 614 enim
1735 584 1800 613 ca-

319 635 431 676 neret
461 635 567 676 bella
597 636 746 677 melius
777 649 898 689 quam
923 636 992 688 qui
1016 636 1073 677 sie
1094 635 1382 690 ge1·it?Quem
1414 636 1689 690 praesidentes
1719 636 1799 677 stu·

319 700 397 740 diis
427 700 523 741 deae
552 701 717 754 propius
748 695 963 742 audirent?
996 700 1071 742 Cui
1107 702 1236 755 magis
1267 714 1360 741 suas
1391 706 1497 742 artes
1533 701 1710 755 aperiret
1746 700 1800 741 fa—

322 764 480 806 miliare
511 778 659 807 numen
692 766 929 807 Minervae?
960 766 1107 807 Dicent
1136 766 1235 806 haec
1263 765 1424 819 plenius
1454 765 1595 807 futura
1625 765 1799 815 saecula,

321 939 397 962 sero
421 940 442 962 a
466 928 534 963 noi.
560 948 603 954 —
621 930 767 969 ardens,
784 934 791 947 ‘
807 929 923 963 foeoso
938 929 956 961 “.
982 948 1024 954 -
1048 930 1233 963 sententiis
1259 929 1498 969 clarissimas,
1522 929 1586 962 cfr.
1605 932 1628 971 ἕ
1652 929 1706 962 97;
1731 928 1801 963 cla-

320 976 461 1008 rissimi
480 976 665 1018 gravitate
681 977 959 1014 sententiarum,
985 985 1003 1008 e
1028 977 1050 1015 ἓ
1075 974 1134 1008 68:
1152 976 1338 1008 sententiis
1356 975 1506 1011 densum
1532 978 1663 1019 quanto
1681 985 1702 1008 a
1725 985 1802 1008 sen-

323 1021 454 1060 tentiis,
479 1031 510 1053 v.
540 1023 562 1061 5
590 1019 635 1053 50
659 1031 691 1052 n.
718 1039 760 1045 —
794 1026 834 1052 ut
862 1020 982 1053 dicam
1008 1020 1105 1064 quod
1128 1022 1253 1057 sentio,
1285 1029 1440 1053 aceenno
1469 1019 1539 1052 alle
1563 1019 1801 1053 controversie

320 1064 375 1098 del
401 1069 517 1109 tempo
543 1064 576 1097 di
602 1064 820 1105 Quintiliano
846 1065 900 1098 sul
924 1065 1044 1098 valore
1069 1064 1205 1109 poetico
1230 1064 1322 1098 della
1348 1064 1564 1105 Pharsalia,
1588 1064 1680 1098 delle
1704 1063 1799 1109 quali

320 1121 416 1150 sono,
442 1121 461 1143 a
486 1109 557 1143 cosi
583 1109 668 1149 dire,
694 1121 741 1143 un
765 1121 827 1144 eoo
852 1110 877 1143 il
902 1109 1055 1154 giudizio
1080 1110 1113 1142 di
1140 1109 1304 1143 Petronio
1330 1109 1418 1151 (Sat.
1447 1109 1539 1151 118):
1573 1109 1659 1143 belli
1682 1109 1801 1142 civilis

322 1158 452 1198 inplens
475 1166 565 1199 opus
592 1156 758 1200 quisquis
783 1157 957 1199 attigerit,
982 1156 1055 1188 nisi
1072 1155 1210 1199 plenus
1246 1155 1389 1197 litteris,
1420 1155 1486 1188 sub
1511 1165 1620 1188 onere
1645 1154 1800 1188 labetur.

322 1201 404 1234 Non
421 1201 517 1233 enim
536 1211 593 1234 res
606 1206 730 1244 yestae
747 1202 910 1234 versibus
935 1200 1295 1244 comprehendendae
1312 1205 1408 1237 sunt,
1425 1200 1523 1243 quod
1546 1199 1650 1243 loizqe
1668 1199 1802 1233 melius

321 1246 484 1279 historici
495 1247 651 1290 faciunt,
667 1246 730 1279 sed
744 1257 791 1284 ...;
810 1257 828 1279 e
847 1245 1088 1290 l'epigramma
1108 1245 1141 1278 di
1161 1244 1554 1286 Marziale<xm194>2
1576 1245 1799 1278 Lucanus.

321 1291 416 1324 Sunt
439 1291 592 1335 quidam
625 1293 690 1335 qui
714 1302 770 1324 me
795 1291 920 1324 dicant
947 1302 1019 1324 mm
1049 1301 1122 1324 esse
1141 1296 1298 1334 poetam,
1321 1292 1325 1332 Ι
1346 1290 1409 1324 sed
1433 1292 1497 1334 qui
1520 1300 1578 1323 me
1602 1290 1725 1323 vendit
1750 1290 1801 1324 bi-

321 1336 479 1380 bliopola
506 1341 626 1380 putat.
664 1336 714 1369 Mi
741 1337 791 1369 sia
817 1336 921 1370 lecito
947 1336 1117 1380 riportare
1151 1346 1277 1369 ancora
1305 1336 1336 1369 le
1362 1335 1481 1379 parole
1517 1334 1608 1368 dello
1636 1334 1800 1368 scoliaste

319 1381 410 1414 della
444 1381 643 1414 Pharsalia
676 1381 700 1420 l,
728 1380 756 1420 1,
781 1381 817 1414 in
844 1381 899 1414 cui
925 1381 944 1414 e
969 1384 1049 1413 data
1075 1381 1130 1414 del
1156 1381 1243 1414 fatto
1270 1391 1336 1413 una
1368 1379 1495 1413 notizia
1529 1379 1588 1424 piu
1621 1379 1799 1424 esplicita:

320 1426 527 1459 ...Lucanus
544 1427 682 1459 dicitur
706 1437 729 1459 a
749 1426 936 1470 plerisque
961 1437 1033 1460 non
1058 1437 1132 1459 esse
1157 1427 1195 1458 in
1213 1436 1367 1459 numero
1390 1431 1595 1469 poetaram,
1619 1425 1707 1469 quia
1729 1435 1800 1458 om-

317 1473 405 1505 nino
430 1470 623 1504 historiam
647 1473 824 1514 sequitur,
849 1471 946 1515 quod
964 1472 1127 1514 poeticae
1151 1473 1226 1504 arti
1253 1482 1325 1503 non
1351 1472 1526 1504 convenit.
1560 1489 1603 1495 —
1635 1471 1798 1514 magis...

318 1516 532 1558 imitandus,
554 1528 572 1550 e
589 1516 710 1561 quindi
736 1527 805 1550 uno
822 1516 917 1560 degli
942 1516 1056 1550 autori
1082 1516 1115 1549 la
1132 1516 1189 1549 cui
1216 1515 1342 1549 lettura
1367 1517 1436 1559 puo
1461 1519 1600 1549 tornare
1626 1514 1686 1559 piu
1713 1514 1799 1549 utile

317 1573 337 1594 a
363 1561 420 1595 chi
445 1561 550 1595 studii
576 1573 637 1606 per
661 1561 821 1595 diventar
846 1566 992 1595 oratore.
1013 1581 1053 1586 —
1158 1562 1212 1595 91.
1240 1562 1317 1597 lIOS,
1343 1566 1351 1578 ⁶
1369 1560 1562 1594 solamente
1590 1559 1705 1605 questi
1719 1559 1738 1593 ’.
1756 1578 1799 1586 —

324 1606 585 1641 Germanicum
605 1608 829 1651 Auyustum,
856 1607 1090 1650 l'imperatore
1115 1605 1318 1640 Domiziano
1343 1605 1469 1648 (51-96
1491 1605 1522 1638 d.
1539 1604 1620 1647 Cr.),
1645 1605 1670 1638 il
1695 1604 1799 1649 quale

318 1663 417 1696 prese
442 1651 467 1685 il
492 1663 725 1695 soprannome
758 1651 793 1684 di
826 1651 1034 1685 Germanico
1067 1651 1156 1695 dopo
1188 1651 1221 1684 13
1251 1650 1448 1695 spedizione
1484 1655 1606 1684 contro
1638 1649 1672 1683 13
1704 1649 1799 1683 tribu

317 1696 520 1741 germanica
552 1697 606 1730 dei
635 1696 731 1730 Catii
767 1696 822 1730 l‘a.
848 1698 890 1729 84
916 1696 947 1729 d.
973 1696 1028 1730 Cr.
1060 1716 1100 1720 —-
1133 1697 1178 1730 ab
1203 1697 1378 1730 institutis
1408 1696 1551 1734 studiis,
1583 1694 1799 1735 Domiziano‚

317 1742 456 1786 quando
479 1742 679 1776 suceedette
703 1742 735 1774 al
762 1741 902 1776 fratello
929 1742 1020 1782 Tito,
1045 1746 1144 1775 stava
1170 1741 1420 1785 componendo,
1449 1751 1546 1775 come
1571 1740 1709 1774 sembra
1734 1751 1796 1774 ac-

317 1787 420 1821 cenni
448 1786 589 1821 Valerio
607 1787 734 1820 Flacco
750 1788 903 1831 (Aryon.
922 1786 945 1823 l,
962 1786 1027 1827 12).
1053 1797 1072 1820 o
1090 1787 1210 1820 ‹liceva
1236 1787 1269 1819 di
1290 1785 1385 1820 roler
1404 1795 1585 1830 comporre
1603 1796 1649 1819 un
1674 1795 1798 1829 poema

317 1832 417 1877 epico
441 1832 580 1866 intorno
599 1832 667 1865 alla
695 1843 822 1876 guerra
845 1832 1018 1876 giudaica.
1045 1851 1087 1857 —
1110 1843 1257 1875 parum.
1284 1836 1430 1875 ‘troppo
1456 1841 1542 1875 poco
1555 1830 1572 1862 ⁸.
1597 1848 1641 1856 —
1666 1831 1798 1875 donato

317 1880 482 1921 imperio,
513 1877 669 1922 dopoche
694 1878 780 1911 ebbe
806 1877 1001 1911 rinunziato
1035 1877 1103 1910 alla
1129 1888 1190 1910 sua
1219 1881 1314 1920 parte
1343 1876 1376 1909 dr
1414 1875 1565 1910 autorita
1593 1875 1687 1910 nelle
1718 1885 1799 1910 cose

316 1923 543 1967 dell'impero.
569 1922 639 1956 Cfr.
668 1922 749 1956 Tac.
778 1923 867 1956 Hist.
895 1922 952 1962 lv,
977 1922 1036 1956 81²1:
1065 1923 1296 1955 Domitianus
1320 1923 1444 1965 sperni
1469 1933 1490 1954 a
1515 1921 1720 1955 senioribus
1747 1922 1799 1954 iu-

318 1974 462 2002 ventam
479 1979 586 2001 suam
611 1979 773 2007 cernens,
795 1968 936 2001 modica
954 1979 1097 2011 quoque
1121 1973 1153 2001 et
1175 1973 1353 2010 usurpata
1378 1974 1485 2000 antea
1505 1967 1634 1999 mzcnia
1651 1967 1800 2010 imperii

315 2014 511 2052 omittebat,
536 2014 781 2057 simplicitatis
813 2025 854 2046 ac
881 2014 1075 2046 modestiae
1101 2014 1270 2055 imaqine,
1298 2024 1332 2044 zu
1360 2012 1597 2045 altitudinem
1631 2011 1798 2045 conditus

315 2059 553 2103 studiumque
589 2058 799 2092 litterarum
831 2064 864 2091 et
894 2069 1057 2091 amtorem
1091 2059 1300 2091 carminum
1333 2057 1526 2099 simulans,
1557 2067 1627 2101 quo
1663 2055 1799 2090 velaret

315 2106 484 2137 animum
501 2109 535 2138 et
557 2105 691 2148 fratris
708 2103 949 2137 aemulationi
973 2103 1251 2145 subduceretur,
1275 2104 1381 2136 cuins
1398 2103 1583 2145 disparem
1603 2103 1797 2136 mitiorem-

315 2160 385 2194 que
411 2155 587 2182 naturam
614 2155 739 2182 contra
768 2150 1091 2192 interpretabatur.
1124 2148 1170 2181 Lo
1207 2153 1317 2182 stesso
1342 2147 1418 2181 dice
1444 2147 1610 2181 Svetonio
1638 2146 1740 2180 Dom.
1765 2146 1796 2179 2.

315 2214 357 2219 —
382 2195 785 2229 omnibus...nu=meris,
825 2205 854 2227 v.
888 2197 910 2235 ,ξ
942 2193 986 2225 70
1014 2204 1032 2227 e
1062 2205 1093 2226 n.
1120 2213 1161 2218 —
1195 2195 1257 2233 sic,
1282 2192 1474 2229 intensivo;
1501 2204 1520 2226 a
1547 2202 1592 2225 un
1623 2191 1797 2236 dipresso:

318 2252 335 2270 «
361 2251 425 2273 con
449 2244 545 2273 tanta
571 2239 683 2284 gloria
709 2252 739 2272 >›.
767 2258 808 2264 —
840 2239 1091 2282 praesidentes
1158 2239 1257 2276 deae,
1286 2238 1348 2271 cfr.
1376 2241 1398 2279 ἓ
1422 2237 1482 2271 48:
1519 2237 1674 2270 dearum
1705 2247 1799 2281 quas

312 2285 570 2328 praesidere...
597 2295 616 2318 e
640 2295 672 2318 n.
699 2304 742 2310 —
764 2286 928 2328 propius,
954 2283 988 2318 in
1015 2289 1145 2328 quanto
1173 2283 1385 2320 Douiiziano.
1411 2293 1510 2316 come
1536 2282 1609 2316 loro
1636 2282 1798 2320 favorito.

316 2329 449 2373 godeva
476 2331 510 2363 in
536 2334 631 2364 certo
663 2329 764 2364 modo
790 2330 880 2363 della
906 2329 1115 2373 compagum
1149 2329 1330 2361 materiale
1363 2328 1453 2362 delle
1492 2327 1602 2365 Muse,
1631 2331 1754 2371 pronte
1779 2337 1798 2360 e

316 2388 334 2407 a
363 2375 538 2419 porgergli
564 2375 695 2409 ascolto
727 2386 746 2409 e
771 2387 789 2408 a
816 2374 1001 2408 osaudirlo.
1030 2377 1118 2418 App.
1145 2375 1221 2407 erit.
1256 2393 1297 2399 —
1330 2374 1521 2416 familiare
1548 2383 1685 2405 nuinen
1722 2371 1795 2405 Mi-

315 2431 461 2463 nervw,
486 2421 636 2454 secondo
655 2419 946 2462 Filostratoffllt.
969 2420 1086 2462 Apoll.
1116 2419 1187 2457 vll„
1212 2419 1280 2459 24),
1308 2418 1509 2453 Doniiziano
1536 2417 1657 2451 volova
1682 2427 1798 2451 essere

317 2470 437 2499 tenuto
456 2465 663 2499 addirittura
690 2477 750 2510 per
768 2465 864 2509 figlio
890 2465 922 2498 di
946 2465 1121 2498 illinet-vu:
1149 2465 1182 2497 in
1202 2464 1257 2497 cui
1284 2474 1390 2498 onore
1415 2473 1525 2497 aveva
1552 2462 1702 2496 istituito
1727 2472 1798 2496 una

317 2511 404 2545 festa
430 2522 494 2544 con
520 2522 605 2555 gare
630 2510 791 2556 poetiche
816 2523 834 2544 o
859 2510 1010 2544 oratorie
1036 2513 1143 2545 (Stet.
1171 2510 1273 2543 Dom.
1299 2510 1342 2550 4).
1368 2528 1411 2534 -
1436 2518 1583 2547 nemeen,
1611 2509 1653 2540 lia
1681 2512 1732 2541 tre
1755 2506 1799 2540 si·

315 2556 490 2596 gnificati:
517 2568 640 2593 eenno,
664 2557 824 2591 divinita.
852 2555 991 2590 volonta'r
1018 2555 1072 2587 dol
1099 2555 1173 2589 dio:
1201 2554 1223 2588 il
1251 2555 1309 2599 piu
1335 2553 1456 2587 usuale
1482 2553 1500 2587 ἐ
1526 2552 1549 2586 11
1575 2551 1737 2587 secondo.
1755 2571 1797 2578 -

315 2601 380 2636 92.
407 2602 505 2639 haec,
533 2602 563 2636 lc
596 2602 708 2647 glorie
734 2602 765 2634 di
806 2601 1008 2635 Domitiano
1033 2612 1130 2632 voum*
1159 2606 1257 2644 poeta
1295 2618 1338 2625 —
1364 2599 1521 2635 saecula,
1549 2597 1796 2632 molonimica·
