1887 2901
174 479 218 512 80

170 1000 208 1031 81

244 131 295 170 38
768 144 900 172 CAPUT
930 146 956 171 1.
989 134 1008 179 ξ
1038 133 1111 168 8οι
1143 131 1189 171 81

246 229 356 258 verso
386 230 529 272 genere
565 217 724 258 dicendi
762 217 917 258 nitidus
956 219 997 258 et
1032 222 1217 270 comptus
1253 218 1295 259 et
1333 219 1557 271 palaestrae
1598 231 1722 272 quam

243 294 402 336 pugnae
425 283 553 335 magis
575 281 900 323 accommodatus
919 294 1055 323 omnes
1075 281 1234 323 dicendi
1258 296 1418 330 veneres
1439 286 1618 326 sectatus
1648 286 1722 335 est,

243 357 314 387 nec
344 346 566 388 immerito:
599 346 813 388 auditoriis
843 347 950 388 enim
983 359 1037 397 se,
1068 358 1144 388 non
1175 346 1341 389 iudiciis
1372 351 1646 403 compararat:
1679 350 1720 391 in

243 409 471 452 inventione
501 411 648 462 facilis,
685 411 841 453 honesti
878 411 1095 461 studiosus,
1132 412 1173 452 in
1209 413 1495 466 compositione
1533 414 1630 455 adeo
1660 414 1724 455 di-

244 474 385 529 ligens,
409 477 454 517 ut
484 489 580 517 cura
610 477 698 518 eius
727 475 1056 529 reprehendatur.
1079 475 1221 529 Neque
1243 489 1315 531 ego
1336 477 1378 518 in
1401 478 1477 527 his,
1500 478 1548 519 de
1571 478 1722 531 quibus

242 552 331 580 sum
363 541 534 591 locutus,
566 542 638 582 has
668 541 773 583 'solas
803 541 988 590 virtutes,
1020 540 1087 582 ses]
1119 541 1192 581 has
1228 542 1466 595 praecipuas
1505 545 1616 596 puto,
1649 556 1722 585 nec

242 605 391 646 ceteros
426 618 569 658 parum
611 606 735 647 fuisse
776 618 955 660 magnos.
989 605 1096 656 Quin
1138 605 1263 646 etiam
1304 605 1559 648 Phalerea
1598 608 1720 649 illum

243 669 579 719 Demetrium,
617 682 867 723 quamquam
899 670 934 711 is
964 669 1144 723 primum
1187 669 1402 712 inclinasse
1443 671 1717 725 eloquentiam

241 733 404 785 dicitur,
446 735 624 776 multum
667 735 819 789 ingenii
862 735 1051 776 habuisse
1091 736 1132 776 et
1161 734 1374 776 facundiae
1405 735 1544 781 fateor,
1576 737 1639 778 vel
1671 738 1720 779 ob

240 799 314 840 hoc
350 800 544 841 memoria
586 799 771 854 dignum,
804 799 910 852 quod
951 800 1125 840 ultimus
1159 800 1220 840 est
1255 799 1335 841 fere
1375 813 1420 841 ex
1451 801 1615 852 Atticis,
1648 803 1718 855 qui

239 863 320 905 dici
352 865 476 918 possit
506 866 650 914 orator,
695 878 816 918 quem
857 866 993 906 tamen
1033 865 1074 906 in
1116 864 1188 907 illo
1219 864 1352 906 medio
1383 878 1526 919 genere
1557 866 1718 908 dicendi

238 930 413 982 praefert
442 930 630 971 omnibus
652 930 802 971 Cicero.

295 994 645 1048 Philosophorum,
676 1007 722 1036 ex
752 995 901 1048 quibus
931 994 1157 1048 plurimum
1190 1006 1230 1036 se
1261 994 1429 1035 traxisse
1460 993 1716 1048 eloquentiae

236 1148 268 1188 3,
294 1149 359 1192 10).
387 1149 558 1183 Abbiamo
583 1150 617 1182 di
643 1150 691 1183 lui
716 1150 755 1183 21
784 1149 949 1188 orazioni,
975 1161 1042 1183 non
1067 1154 1154 1182 tutte
1174 1150 1254 1193 pero
1272 1149 1436 1193 genuine.
1461 1152 1556 1183 —in
1574 1150 1718 1185 diverso

233 1205 367 1237 ¹qenere
391 1196 546 1229 (licendi.
587 1195 730 1240 rispetto
768 1207 786 1228 a
826 1196 931 1235 Lisia,
957 1200 1246 1240 rappresentante
1286 1194 1378 1228 dello
1417 1194 1498 1228 stile
1538 1195 1717 1240 semplice,

237 1246 370 1273 mentre
398 1241 547 1273 Isocrate
572 1246 798 1285 rappresenta
824 1241 857 1274 lo
883 1240 961 1274 stile
987 1240 1111 1274 medio.
1137 1239 1275 1281 Quanto
1300 1239 1371 1272 alla
1396 1240 1489 1273 fra<e
1515 1241 1576 1274 cfr.
1603 1244 1625 1282 ἓ
1650 1241 1716 1274 67:

235 1287 275 1317 in
300 1285 443 1328 dispari
466 1286 613 1319 dicendi
637 1289 708 1325 via,
732 1298 750 1319 e
776 1290 798 1327 g
822 1286 881 1319 69:
910 1288 946 1318 in
971 1296 1077 1329 opere
1101 1285 1255 1319 diverso.
1281 1303 1324 1310 —
1349 1285 1499 1322 nitidus,
1525 1297 1556 1318 v.
1582 1289 1604 1327 ἓ
1629 1285 1651 1319 9
1683 1297 1716 1319 n.

236 1341 255 1362 a
281 1331 497 1365 nitidiore...
524 1351 565 1354 —
588 1342 747 1374 puywce,
783 1332 802 1365 e
839 1331 872 1364 la
909 1330 994 1364 lotta
1033 1341 1114 1364 vera
1140 1330 1176 1363 in
1201 1329 1526 1374 contrapposizione
1552 1342 1571 1363 a
1597 1330 1713 1375 quelle

236 1376 320 1408 finte
345 1375 436 1408 della
463 1376 625 1420 palestra.
650 1395 693 1401 —
720 1377 892 1418 (dicendi)
918 1386 1076 1413 veneres,
1099 1376 1154 1409 nel
1180 1375 1380 1419 significato
1405 1375 1437 1407 di
1467 1387 1483 1405 a
1501 1375 1620 1419 grazia
1646 1376 1715 1410 <del

234 1419 324 1462 dire)
342 1435 358 1451 »
379 1420 471 1464 [noi:
491 1433 509 1451 «
527 1421 692 1454 lenocinii
717 1421 809 1455 della
835 1422 946 1454 forma
965 1421 999 1465 ›>]
1017 1422 1119 1465 passo
1143 1420 1232 1464 dopo
1257 1420 1267 1452 i
1294 1421 1400 1464 tempi
1426 1420 1459 1452 di
1481 1421 1642 1464 Augusto
1659 1421 1714 1454 dal

235 1464 442 1509 linguaggio
467 1467 601 1510 poetico
626 1466 660 1499 al
687 1466 888 1510 prosastico.
926 1466 996 1499 Ctin
1023 1469 1045 1507 g
1073 1465 1147 1504 100,
1171 1477 1190 1499 e
1221 1465 1254 1498 la
1281 1469 1361 1498 nota
1387 1477 1406 1498 3
1432 1472 1583 1499 venusta
1609 1470 1631 1507 ,ξ
1660 1465 1714 1499 65.

235 1529 274 1534 —-
301 1522 365 1544 nec
391 1514 586 1553 immerito,
614 1523 645 1544 v.
664 1514 686 1553 ἓ
711 1512 753 1543 27
772 1523 790 1546 e
808 1516 890 1545 nota
916 1511 974 1546 ivi.
992 1530 1035 1536 -
1053 1511 1247 1544 auditoriis
1313 1517 1559 1554 compararat.
1586 1510 1715 1554 perche

234 1566 303 1589 non
328 1556 519 1600 pronunzio
545 1556 579 1589 in
608 1557 769 1600 pubblico
794 1557 920 1590 alcuno
957 1556 1012 1590 dei
1049 1556 1124 1590 suoi
1150 1555 1306 1594 diseorsi,
1332 1566 1388 1588 ina
1413 1554 1487 1589 solo
1512 1555 1654 1588 davanti
1680 1556 1713 1589 ai

233 1601 308 1634 suoi
334 1601 459 1635 scolari
488 1602 707 1643 (auditoriis.
733 1603 796 1635 cfr.
816 1605 838 1643 ἓ
855 1601 898 1635 36
916 1604 972 1644 n.):
999 1612 1018 1634 e
1043 1601 1096 1634 cio
1122 1612 1141 1633 a
1159 1601 1306 1645 cagione
1324 1600 1416 1634 della
1439 1612 1501 1633 sua
1531 1599 1712 1634 debolezza

233 1646 266 1678 di
292 1657 375 1680 voce
400 1658 418 1680 e
443 1646 532 1680 della
560 1658 622 1680 sua
648 1647 820 1680 timidita:
847 1647 879 1679 al
894 1646 975 1691 qual
994 1646 1170 1691 proposito
1187 1646 1301 1679 scrive
1315 1646 1385 1689 egli
1411 1650 1532 1684 stesso,
1551 1645 1712 1683 isocrate,

234 1691 394 1724 Panath.
422 1692 483 1724 10:
509 1695 612 1726 οὕτω
637 1694 704 1735 γὰρ
730 1694 855 1734 ἐνδεὴς
880 1693 1103 1734 ἀμφοτέρων
1129 1692 1492 1733 ἐγενόμην...φωνής
1517 1691 1642 1733 ἱκανῆς
1656 1694 1713 1725 καὶ

234 1738 384 1780 τόλμης,
409 1739 459 1778 ὡς
484 1739 551 1771 οὐκ
576 1738 641 1770 οἶδ’
667 1740 695 1771 εἴ
720 1749 773 1777 τις
799 1739 907 1777 ἄλλος
933 1741 1011 1771 τῶν
1037 1739 1210 1771 πολιτῶν.
1232 1756 1263 1759 -
1292 1735 1444 1775 honesti,
1470 1735 1527 1769 nel
1551 1745 1653 1769 senso
1677 1735 1712 1769 di

233 1793 252 1813 «
277 1782 452 1825 dignitoso
477 1795 507 1814 ».
535 1784 624 1826 App.
650 1782 727 1815 crit.
753 1802 796 1806 --
821 1784 1087 1825 compositione.
1117 1793 1148 1815 v.
1177 1784 1200 1823 ἓ
1224 1781 1267 1813 52
1293 1791 1325 1813 n.
1351 1800 1393 1806 —
1419 1786 1459 1813 ut
1477 1780 1713 1824 ...reprehen-

232 1827 355 1866 datiir,
391 1828 454 1860 cfr.
491 1828 522 1865 4,
551 1828 582 1863 4.
607 1839 625 1861 e
650 1827 683 1860 ai
709 1830 756 1869 ἓξ
787 1827 851 1860 113
876 1839 894 1861 e
921 1827 984 1860 118
1010 1826 1043 1859 di
1069 1831 1192 1876 questo
1229 1837 1303 1870 cap.
1329 1825 1384 1859 cio
1418 1825 1483 1860 che
1508 1825 1527 1860 ὁ
1551 1826 1646 1860 detto
1672 1826 1713 1859 ri-

231 1873 502 1914 spettivamente
528 1873 559 1904 ‹li
588 1872 711 1906 Asinio
737 1872 896 1906 Pollione
927 1883 946 1906 e
971 1872 1004 1905 di
1043 1871 1160 1905 Giulio
1187 1870 1375 1909 Africano;
1409 1875 1539 1915 quanto
1564 1882 1582 1905 3
1610 1882 1712 1908 σανα,
1759 1887 1761 1889 ·

232 1929 263 1949 v.
289 1921 311 1959 g
336 1918 356 1951 8
381 1929 413 1950 n.
443 1939 480 1942 —
542 1919 609 1952 80.
628 1929 743 1962 neque
767 1929 841 1961 eqo,
868 1918 930 1952 cfr.
948 1920 971 1958 ἓ
988 1916 1032 1950 30
1057 1928 1089 1950 n.
1115 1936 1158 1942 —
1184 1916 1250 1955 liis,
1275 1915 1325 1960 gli
1343 1916 1483 1950 oratori.
1509 1935 1552 1941 —
1572 1927 1711 1961 parum

234 1974 396 2005 'na-qnos,
419 1963 505 1998 cioe.
543 1963 575 1995 (11
610 1974 696 2007 poco
728 1962 857 1997 valore.
895 1984 929 1986 —
970 1962 1155 1996 Phalerea
1186 1962 1414 1996 Demetrium
1439 1963 1667 2004 (Δημήτριος
1691 1963 1712 1998 ὁ

232 2009 434 2052 Φαληρεύς,
461 2008 636 2041 Demetrio
664 2007 831 2050 Falereo),
868 2007 922 2042 del
959 2007 1059 2041 demo
1084 2008 1192 2041 attico
1216 2006 1250 2039 di
1276 2006 1412 2040 Falero.
1450 2006 1499 2040 Fu
1538 2016 1598 2051 per
1621 2006 1711 2041 dieci

231 2054 313 2086 anni
340 2053 522 2094 <317-307)
547 2058 779 2097 governatore
804 2053 837 2086 di
865 2055 978 2086 Atene
1015 2064 1033 2085 a
1073 2064 1174 2086 nome
1207 2051 1240 2085 di
1266 2051 1482 2088 Cassandro:
1508 2056 1648 2096 passato
1673 2051 1711 2085 in

232 2099 458 2133 Alessandria
485 2099 518 2131 vi
545 2100 579 2131 su
606 2099 874 2132 benevolmente
900 2097 1034 2131 aci-olto
1060 2097 1103 2131 da
1129 2098 1295 2131 Tolomeo
1328 2097 1360 2130 di
1400 2097 1494 2141 Lago
1519 2108 1537 2130 e
1561 2099 1711 2141 coopero

231 2143 300 2177 alla
327 2143 531 2178 fondazione
557 2143 648 2177 della
675 2145 807 2177 famosa
834 2143 1031 2177 biblioteca.
1060 2142 1147 2177 Mori
1176 2142 1231 2176 nel
1256 2142 1332 2175 283.
1367 2142 1418 2175 Fu
1455 2146 1576 2176 tenuto
1601 2153 1661 2187 per
1686 2142 1711 2175 il

231 2200 334 2232 greco
360 2189 420 2234 piu
457 2187 548 2223 colto
584 2189 639 2223 del
676 2200 738 2223 suo
776 2195 902 2233 tempo.
940 2188 1148 2221 l’ochissimi
1184 2200 1202 2222 e
1227 2187 1480 2231 insignificanti
1506 2187 1710 2221 frammenti

230 2234 320 2268 delle
345 2245 406 2268 sue
431 2234 596 2268 orazioni.
635 2254 673 2258 -
715 2234 833 2273 illum,
860 2234 882 2267 il
909 2233 1047 2267 celebre
1071 2233 1142 2277 (gia
1181 2233 1353 2267 ricordato
1378 2235 1400 2274 ἓ
1425 2231 1491 2272 33).
1518 2251 1559 2256 -
1585 2244 1708 2277 quam-

230 2292 355 2324 quam,
381 2279 655 2313 coll'indicativo
690 2280 867 2320 (dicitur),
905 2289 966 2312 uso
1004 2289 1081 2311 raro
1114 2279 1149 2312 in
1175 2278 1413 2320 Quintiliano:
1451 2277 1514 2310 cfr.
1543 2279 1565 2318 ἓ
1590 2277 1648 2311 cit.
1675 2288 1706 2311 11.

230 2344 272 2350 -
298 2325 494 2359 inclinasse
518 2325 773 2370 eloquentiam,
809 2324 880 2358 Cic.
921 2324 1027 2356 Brut.
1052 2324 1084 2363 9,
1109 2323 1166 2357 38:
1205 2324 1263 2357 hic
1292 2324 1439 2367 primus
1468 2323 1611 2367 inflexit
1633 2333 1710 2356 ora-

231 2372 363 2403 tionem
389 2376 423 2404 et
446 2382 527 2404 eam
551 2370 699 2404 mollem
725 2376 961 2413 teneramque
990 2369 1160 2403 reddum.
1188 2389 1229 2394 —
1255 2369 1322 2404 vel,
1349 2367 1565 2412 aggiuntivo.
1591 2387 1633 2393 —
1660 2367 1711 2401 ul·

230 2417 339 2448 timus
407 2427 452 2449 ex
478 2417 618 2455 Atticis,
644 2414 716 2448 Cic.
755 2416 798 2449 ib.
834 2415 888 2451 82,
924 2414 1006 2449 285:
1045 2415 1136 2447 milii
1210 2426 1255 2448 ca·
1282 2415 1384 2447 illius
1409 2413 1617 2455 (Demetrii)
1633 2424 1710 2447 ora-

230 2461 386 2494 tionibus
425 2461 587 2494 redolere
624 2461 722 2504 ipsae
762 2461 925 2494 Athenae
962 2461 1144 2494 videntur.
1183 2480 1224 2483 —--
1258 2459 1374 2492 medio
1396 2468 1529 2502 qenere
1553 2457 1710 2498 dicendi,

229 2517 260 2539 v.
291 2511 312 2544 ,ξ
336 2506 371 2537 »Η
403 2517 434 2538 11.
466 2507 495 2539 1.
521 2525 563 2531 -
595 2506 724 2545 (icero,
756 2506 856 2541 Orat.
880 2505 935 2543 27,
960 2506 1018 2538 92:
1044 2516 1122 2539 <meo
1148 2505 1284 2538 iudicio
1307 2504 1489 2548 praestitit
1520 2505 1666 2542 ceteris,·
1690 2515 1709 2538 e

229 2552 273 2584 de
305 2550 402 2583 Orat.
432 2550 472 2591 ll,
498 2552 550 2590 225,
575 2551 642 2583 05:
667 2552 831 2585 omnium
858 2552 1010 2584 istorum
1042 2562 1119 2584 men
1146 2552 1323 2584 sententia
1342 2549 1596 2594 polita'ssi‘nms.

274 2597 331 2630 81.
357 2598 559 2640 confitetur.
593 2596 691 2629 Orat.
718 2598 750 2633 33,
778 2595 839 2629 12:
865 2598 985 2640 fatcor
1022 2608 1078 2627 me
1115 2602 1308 2635 aratorem,
1343 2595 1375 2629 si
1408 2594 1513 2628 modo
1549 2595 1615 2627 sim
1646 2599 1712 2627 aue

227 2648 337 2676 ettam
363 2644 583 2687 quicumque
607 2644 689 2683 sim,
715 2654 786 2676 non
823 2653 869 2675 ex
888 2649 890 2651 ’
908 2642 1096 2676 rhetorum
1133 2642 1298 2686 officinis.
1327 2641 1388 2675 sed
1413 2652 1458 2674 ca:
1493 2640 1713 2689 Academiae
