<?xml version="1.0" encoding="UTF-8"?>
<!DOCTYPE html PUBLIC "-//W3C//DTD XHTML 1.0 Transitional//EN"
    "http://www.w3.org/TR/xhtml1/DTD/xhtml1-transitional.dtd">
<html xmlns="http://www.w3.org/1999/xhtml" xml:lang="en" lang="en">
 <head>
  <title>
</title>
<meta http-equiv="Content-Type" content="text/html;charset=utf-8" />
  <meta name='ocr-system' content='tesseract 3.04.00' />
  <meta name='ocr-capabilities' content='ocr_page ocr_carea ocr_par ocr_line ocrx_word'/>
</head>
<body>
  <div class='ocr_page' id='page_1' title='image "./illibrodecimodel00quinuoft_0039.png"; bbox 0 0 1887 2901; ppageno 0'>
   <div class='ocr_carea' id='block_1_1' title="bbox 0 0 402 87">
    <p class='ocr_par' dir='ltr' id='par_1_1' title="bbox 0 0 402 87">
     <span class='ocr_line' id='line_1_1' title="bbox 0 0 402 87; baseline 0 2814"><span class='ocrx_word' id='word_1_1' title='bbox 0 0 402 87; x_wconf 95' lang='lat' dir='ltr'> </span> 
     </span>
    </p>
   </div>
   <div class='ocr_carea' id='block_1_2' title="bbox 710 130 1634 178">
    <p class='ocr_par' dir='ltr' id='par_1_2' title="bbox 710 130 1634 178">
     <span class='ocr_line' id='line_1_2' title="bbox 710 130 1634 178; baseline 0.001 -8"><span class='ocrx_word' id='word_1_2' title='bbox 710 141 842 170; x_wconf 63' lang='lat' dir='ltr'>cuna·</span> <span class='ocrx_word' id='word_1_3' title='bbox 871 143 897 169; x_wconf 90' lang='lat'>1.</span> <span class='ocrx_word' id='word_1_4' title='bbox 929 132 950 178; x_wconf 66' lang='lat' dir='ltr'>g</span> <span class='ocrx_word' id='word_1_5' title='bbox 977 130 1082 169; x_wconf 83' lang='grc'>2--3</span> <span class='ocrx_word' id='word_1_6' title='bbox 1610 131 1634 171; x_wconf 89' lang='grc'><strong>3</strong></span> 
     </span>
    </p>
   </div>
   <div class='ocr_carea' id='block_1_3' title="bbox 159 215 1678 981">
    <p class='ocr_par' dir='ltr' id='par_1_3' title="bbox 159 215 1678 981">
     <span class='ocr_line' id='line_1_3' title="bbox 163 215 1678 266; baseline -0.001 -6"><span class='ocrx_word' id='word_1_7' title='bbox 163 217 313 260; x_wconf 84' lang='lat' dir='ltr'>Verum</span> <span class='ocrx_word' id='word_1_8' title='bbox 350 218 409 259; x_wconf 79' lang='lat' dir='ltr'>ita</span> <span class='ocrx_word' id='word_1_9' title='bbox 452 219 545 258; x_wconf 74' lang='lat' dir='ltr'>sunt</span> <span class='ocrx_word' id='word_1_10' title='bbox 590 216 696 257; x_wconf 75' lang='lat' dir='ltr'>inter</span> <span class='ocrx_word' id='word_1_11' title='bbox 740 229 780 258; x_wconf 85' lang='lat' dir='ltr'>se</span> <span class='ocrx_word' id='word_1_12' title='bbox 819 227 970 258; x_wconf 85' lang='lat' dir='ltr'>conexa</span> <span class='ocrx_word' id='word_1_13' title='bbox 1005 217 1046 257; x_wconf 81' lang='lat' dir='ltr'>et</span> <span class='ocrx_word' id='word_1_14' title='bbox 1080 215 1300 258; x_wconf 76' lang='lat' dir='ltr'>indiscreta</span> <span class='ocrx_word' id='word_1_15' title='bbox 1330 215 1477 266; x_wconf 87' lang='lat' dir='ltr'>omnia,</span> <span class='ocrx_word' id='word_1_16' title='bbox 1510 217 1567 266; x_wconf 77' lang='lat' dir='ltr'>ut,</span> <span class='ocrx_word' id='word_1_17' title='bbox 1599 218 1632 258; x_wconf 89' lang='lat' dir='ltr'>si</span> <span class='ocrx_word' id='word_1_18' title='bbox 1656 230 1678 263; x_wconf 80' lang='lat'>2</span> 
     </span>
     <span class='ocr_line' id='line_1_4' title="bbox 163 281 1631 336; baseline -0.001 -12"><span class='ocrx_word' id='word_1_19' title='bbox 163 283 261 336; x_wconf 90' lang='lat' dir='ltr'>quid</span> <span class='ocrx_word' id='word_1_20' title='bbox 306 295 351 324; x_wconf 84' lang='lat' dir='ltr'>ex</span> <span class='ocrx_word' id='word_1_21' title='bbox 395 282 459 323; x_wconf 88' lang='lat' dir='ltr'>his</span> <span class='ocrx_word' id='word_1_22' title='bbox 503 281 690 330; x_wconf 79' lang='lat' dir='ltr'>defuerit,</span> <span class='ocrx_word' id='word_1_23' title='bbox 721 281 871 322; x_wconf 81' lang='lat' dir='ltr'>frustra</span> <span class='ocrx_word' id='word_1_24' title='bbox 909 281 1035 322; x_wconf 79' lang='lat' dir='ltr'>sitin</span> <span class='ocrx_word' id='word_1_25' title='bbox 1065 281 1208 322; x_wconf 77' lang='lat' dir='ltr'>ceteris</span> <span class='ocrx_word' id='word_1_26' title='bbox 1252 281 1493 322; x_wconf 84' lang='lat' dir='ltr'>laboratum.</span> <span class='ocrx_word' id='word_1_27' title='bbox 1526 281 1631 322; x_wconf 86' lang='lat' dir='ltr'>Nam</span> 
     </span>
     <span class='ocr_line' id='line_1_5' title="bbox 162 345 1631 400; baseline -0.001 -11"><span class='ocrx_word' id='word_1_28' title='bbox 162 359 291 400; x_wconf 88' lang='lat' dir='ltr'>neque</span> <span class='ocrx_word' id='word_1_29' title='bbox 311 346 440 388; x_wconf 85' lang='lat' dir='ltr'>solida</span> <span class='ocrx_word' id='word_1_30' title='bbox 461 347 582 399; x_wconf 83' lang='lat' dir='ltr'>atque</span> <span class='ocrx_word' id='word_1_31' title='bbox 605 346 768 387; x_wconf 78' lang='lat' dir='ltr'>robusta</span> <span class='ocrx_word' id='word_1_32' title='bbox 788 345 913 387; x_wconf 83' lang='lat' dir='ltr'>fuerit</span> <span class='ocrx_word' id='word_1_33' title='bbox 932 357 1128 397; x_wconf 87' lang='lat' dir='ltr'>umquam</span> <span class='ocrx_word' id='word_1_34' title='bbox 1149 345 1381 398; x_wconf 84' lang='lat' dir='ltr'>eloquentia</span> <span class='ocrx_word' id='word_1_35' title='bbox 1401 345 1486 389; x_wconf 64' lang='lat' dir='ltr'>nisij</span> <span class='ocrx_word' id='word_1_36' title='bbox 1501 346 1631 387; x_wconf 79' lang='lat' dir='ltr'>multo</span> 
     </span>
     <span class='ocr_line' id='line_1_6' title="bbox 161 409 1631 472; baseline -0.002 -18"><span class='ocrx_word' id='word_1_37' title='bbox 161 411 256 454; x_wconf 81' lang='lat' dir='ltr'>stilo</span> <span class='ocrx_word' id='word_1_38' title='bbox 272 412 389 472; x_wconf 54' lang='lat' dir='ltr'>(vires</span> <span class='ocrx_word' id='word_1_39' title='bbox 419 411 631 464; x_wconf 78' lang='lat' dir='ltr'>acceperit,</span> <span class='ocrx_word' id='word_1_40' title='bbox 662 412 703 452; x_wconf 82' lang='lat' dir='ltr'>et</span> <span class='ocrx_word' id='word_1_41' title='bbox 731 410 835 451; x_wconf 76' lang='lat' dir='ltr'>citra</span> <span class='ocrx_word' id='word_1_42' title='bbox 864 409 1049 451; x_wconf 79' lang='lat' dir='ltr'>lectionis</span> <span class='ocrx_word' id='word_1_43' title='bbox 1070 409 1297 463; x_wconf 84' lang='lat' dir='ltr'>exemplum</span> <span class='ocrx_word' id='word_1_44' title='bbox 1331 410 1443 451; x_wconf 85' lang='lat' dir='ltr'>labor</span> <span class='ocrx_word' id='word_1_45' title='bbox 1472 410 1544 451; x_wconf 89' lang='lat' dir='ltr'>ille</span> <span class='ocrx_word' id='word_1_46' title='bbox 1565 423 1631 451; x_wconf 85' lang='lat' dir='ltr'>ca-</span> 
     </span>
     <span class='ocr_line' id='line_1_7' title="bbox 160 460 1629 528; baseline -0.001 -11"><span class='ocrx_word' id='word_1_47' title='bbox 160 460 251 517; x_wconf 58' lang='lat' dir='ltr'>reii‘s</span> <span class='ocrx_word' id='word_1_48' title='bbox 281 477 429 517; x_wconf 83' lang='lat' dir='ltr'>rectore</span> <span class='ocrx_word' id='word_1_49' title='bbox 460 475 668 522; x_wconf 78' lang='lat' dir='ltr'>fluitabit;</span> <span class='ocrx_word' id='word_1_50' title='bbox 698 477 738 516; x_wconf 80' lang='lat' dir='ltr'>et</span> <span class='ocrx_word' id='word_1_51' title='bbox 768 474 836 528; x_wconf 90' lang='lat' dir='ltr'>qui</span> <span class='ocrx_word' id='word_1_52' title='bbox 869 474 969 515; x_wconf 75' lang='lat' dir='ltr'>sciet</span> <span class='ocrx_word' id='word_1_53' title='bbox 989 486 1091 527; x_wconf 90' lang='lat' dir='ltr'>quae</span> <span class='ocrx_word' id='word_1_54' title='bbox 1127 486 1285 526; x_wconf 84' lang='lat' dir='ltr'>quoque</span> <span class='ocrx_word' id='word_1_55' title='bbox 1317 475 1398 515; x_wconf 82' lang='lat' dir='ltr'>sini:</span> <span class='ocrx_word' id='word_1_56' title='bbox 1429 474 1544 516; x_wconf 90' lang='lat' dir='ltr'>modo</span> <span class='ocrx_word' id='word_1_57' title='bbox 1574 474 1629 515; x_wconf 90' lang='lat' dir='ltr'>di-</span> 
     </span>
     <span class='ocr_line' id='line_1_8' title="bbox 159 537 1629 592; baseline -0.001 -10"><span class='ocrx_word' id='word_1_58' title='bbox 159 539 296 588; x_wconf 83' lang='lat' dir='ltr'>cenda,</span> <span class='ocrx_word' id='word_1_59' title='bbox 327 537 416 581; x_wconf 79' lang='lat' dir='ltr'>nisil</span> <span class='ocrx_word' id='word_1_60' title='bbox 436 542 646 592; x_wconf 78' lang='lat' dir='ltr'>tamquam</span> <span class='ocrx_word' id='word_1_61' title='bbox 678 539 717 579; x_wconf 94' lang='lat' dir='ltr'>in</span> <span class='ocrx_word' id='word_1_62' title='bbox 749 538 1253 592; x_wconf 78' lang='lat' dir='ltr'>procinctu=paratamque</span> <span class='ocrx_word' id='word_1_63' title='bbox 1277 538 1326 579; x_wconf 86' lang='lat' dir='ltr'>ad</span> <span class='ocrx_word' id='word_1_64' title='bbox 1357 551 1493 580; x_wconf 89' lang='lat' dir='ltr'>omnes</span> <span class='ocrx_word' id='word_1_65' title='bbox 1514 551 1629 581; x_wconf 86' lang='lat' dir='ltr'>casus</span> 
     </span>
     <span class='ocr_line' id='line_1_9' title="bbox 159 601 1674 657; baseline 0.001 -11"><span class='ocrx_word' id='word_1_66' title='bbox 159 604 349 646; x_wconf 80' lang='lat' dir='ltr'>habuerit</span> <span class='ocrx_word' id='word_1_67' title='bbox 377 603 664 657; x_wconf 72' lang='lat' dir='ltr'>eloquentiam,</span> <span class='ocrx_word' id='word_1_68' title='bbox 697 601 809 645; x_wconf 67' lang='lat' dir='ltr'>velut</span> <span class='ocrx_word' id='word_1_69' title='bbox 851 603 1000 644; x_wconf 83' lang='lat' dir='ltr'>clausis</span> <span class='ocrx_word' id='word_1_70' title='bbox 1044 603 1246 644; x_wconf 77' lang='lat' dir='ltr'><strong>thesauris</strong></span> <span class='ocrx_word' id='word_1_71' title='bbox 1286 602 1507 644; x_wconf 78' lang='lat' dir='ltr'><strong>incubabit.</strong></span> <span class='ocrx_word' id='word_1_72' title='bbox 1540 603 1627 645; x_wconf 89' lang='lat' dir='ltr'>Non</span> <span class='ocrx_word' id='word_1_73' title='bbox 1653 615 1674 648; x_wconf 84' lang='lat'><strong>3</strong></span> 
     </span>
     <span class='ocr_line' id='line_1_10' title="bbox 159 665 1627 722; baseline -0.001 -12"><span class='ocrx_word' id='word_1_74' title='bbox 159 669 296 711; x_wconf 80' lang='lat' dir='ltr'>autem</span> <span class='ocrx_word' id='word_1_75' title='bbox 318 671 365 710; x_wconf 78' lang='lat' dir='ltr'>ut</span> <span class='ocrx_word' id='word_1_76' title='bbox 385 668 585 722; x_wconf 89' lang='lat' dir='ltr'>quidquid</span> <span class='ocrx_word' id='word_1_77' title='bbox 603 665 815 722; x_wconf 80' lang='lat' dir='ltr'>praecipue</span> <span class='ocrx_word' id='word_1_78' title='bbox 837 667 1106 709; x_wconf 84' lang='lat' dir='ltr'>necessarium</span> <span class='ocrx_word' id='word_1_79' title='bbox 1127 669 1199 716; x_wconf 77' lang='lat' dir='ltr'>est,</span> <span class='ocrx_word' id='word_1_80' title='bbox 1222 668 1279 708; x_wconf 85' lang='lat' dir='ltr'>sic</span> <span class='ocrx_word' id='word_1_81' title='bbox 1300 667 1349 708; x_wconf 87' lang='lat' dir='ltr'>ad</span> <span class='ocrx_word' id='word_1_82' title='bbox 1371 667 1627 709; x_wconf 88' lang='lat' dir='ltr'>efficiendum</span> 
     </span>
     <span class='ocr_line' id='line_1_11' title="bbox 159 731 1630 787; baseline -0.001 -12"><span class='ocrx_word' id='word_1_83' title='bbox 159 735 355 776; x_wconf 78' lang='lat' dir='ltr'>oratorem</span> <span class='ocrx_word' id='word_1_84' title='bbox 388 733 550 774; x_wconf 82' lang='lat' dir='ltr'>maximi</span> <span class='ocrx_word' id='word_1_85' title='bbox 585 733 767 787; x_wconf 80' lang='lat' dir='ltr'>protinus</span> <span class='ocrx_word' id='word_1_86' title='bbox 789 732 867 774; x_wconf 79' lang='lat' dir='ltr'>erit</span> <span class='ocrx_word' id='word_1_87' title='bbox 907 732 1113 773; x_wconf 74' lang='lat' dir='ltr'>momenti.</span> <span class='ocrx_word' id='word_1_88' title='bbox 1157 731 1260 772; x_wconf 87' lang='lat' dir='ltr'>Nam</span> <span class='ocrx_word' id='word_1_89' title='bbox 1301 734 1420 781; x_wconf 77' lang='lat' dir='ltr'>certe,</span> <span class='ocrx_word' id='word_1_90' title='bbox 1451 745 1543 774; x_wconf 88' lang='lat' dir='ltr'>cum</span> <span class='ocrx_word' id='word_1_91' title='bbox 1575 733 1630 774; x_wconf 76' lang='lat' dir='ltr'>sit</span> 
     </span>
     <span class='ocr_line' id='line_1_12' title="bbox 159 796 1630 851; baseline 0 -12"><span class='ocrx_word' id='word_1_92' title='bbox 159 798 201 839; x_wconf 91' lang='lat' dir='ltr'>in</span> <span class='ocrx_word' id='word_1_93' title='bbox 243 797 464 851; x_wconf 88' lang='lat' dir='ltr'>eloquendo</span> <span class='ocrx_word' id='word_1_94' title='bbox 510 800 686 851; x_wconf 76' lang='lat' dir='ltr'>positum</span> <span class='ocrx_word' id='word_1_95' title='bbox 730 796 899 838; x_wconf 76' lang='lat' dir='ltr'>oratoris</span> <span class='ocrx_word' id='word_1_96' title='bbox 943 796 1144 845; x_wconf 86' lang='lat' dir='ltr'>officium,</span> <span class='ocrx_word' id='word_1_97' title='bbox 1185 796 1316 837; x_wconf 83' lang='lat' dir='ltr'>dicere</span> <span class='ocrx_word' id='word_1_98' title='bbox 1357 799 1449 838; x_wconf 73' lang='lat' dir='ltr'>ante</span> <span class='ocrx_word' id='word_1_99' title='bbox 1494 798 1630 839; x_wconf 85' lang='lat' dir='ltr'>omnia</span> 
     </span>
     <span class='ocr_line' id='line_1_13' title="bbox 159 861 1627 915; baseline 0 -11"><span class='ocrx_word' id='word_1_100' title='bbox 159 863 239 912; x_wconf 83' lang='lat' dir='ltr'>est,</span> <span class='ocrx_word' id='word_1_101' title='bbox 283 863 405 915; x_wconf 64' lang='lat' dir='ltr'>atque</span> <span class='ocrx_word' id='word_1_102' title='bbox 451 862 543 903; x_wconf 86' lang='lat' dir='ltr'>hino</span> <span class='ocrx_word' id='word_1_103' title='bbox 589 862 756 903; x_wconf 86' lang='lat' dir='ltr'>initium</span> <span class='ocrx_word' id='word_1_104' title='bbox 800 861 888 903; x_wconf 87' lang='lat' dir='ltr'>eius</span> <span class='ocrx_word' id='word_1_105' title='bbox 933 861 1033 902; x_wconf 79' lang='lat' dir='ltr'>artis</span> <span class='ocrx_word' id='word_1_106' title='bbox 1077 861 1199 902; x_wconf 86' lang='lat' dir='ltr'>fuisse</span> <span class='ocrx_word' id='word_1_107' title='bbox 1247 861 1508 903; x_wconf 81' lang='lat' dir='ltr'>manifestum</span> <span class='ocrx_word' id='word_1_108' title='bbox 1553 865 1627 913; x_wconf 73' lang='lat' dir='ltr'>esi,</span> 
     </span>
     <span class='ocr_line' id='line_1_14' title="bbox 159 925 1628 981; baseline 0 -13"><span class='ocrx_word' id='word_1_109' title='bbox 159 927 384 981; x_wconf 86' lang='lat' dir='ltr'>proximum</span> <span class='ocrx_word' id='word_1_110' title='bbox 416 926 558 968; x_wconf 87' lang='lat' dir='ltr'>deinde</span> <span class='ocrx_word' id='word_1_111' title='bbox 590 926 779 977; x_wconf 74' lang='lat' dir='ltr'>imitatio,</span> <span class='ocrx_word' id='word_1_112' title='bbox 811 925 1075 967; x_wconf 85' lang='lat' dir='ltr'>novissimum</span> <span class='ocrx_word' id='word_1_113' title='bbox 1106 925 1305 967; x_wconf 82' lang='lat' dir='ltr'>scribendi</span> <span class='ocrx_word' id='word_1_114' title='bbox 1339 938 1497 980; x_wconf 88' lang='lat' dir='ltr'>quoque</span> <span class='ocrx_word' id='word_1_115' title='bbox 1533 927 1628 968; x_wconf 90' lang='lat' dir='ltr'>dili-</span> 
     </span>
    </p>
   </div>
   <div class='ocr_carea' id='block_1_4' title="bbox 150 1056 1628 2675">
    <p class='ocr_par' dir='ltr' id='par_1_4' title="bbox 150 1056 1628 2675">
     <span class='ocr_line' id='line_1_15' title="bbox 159 1056 1628 1102; baseline -0.001 -10"><span class='ocrx_word' id='word_1_116' title='bbox 159 1058 222 1092; x_wconf 80' lang='lat' dir='ltr'>cfr.</span> <span class='ocrx_word' id='word_1_117' title='bbox 237 1057 269 1091; x_wconf 86' lang='lat' dir='ltr'>la</span> <span class='ocrx_word' id='word_1_118' title='bbox 287 1058 379 1092; x_wconf 79' lang='lat' dir='ltr'>frase</span> <span class='ocrx_word' id='word_1_119' title='bbox 395 1068 498 1102; x_wconf 78' lang='lat' dir='ltr'>greca</span> <span class='ocrx_word' id='word_1_120' title='bbox 517 1057 665 1101; x_wconf 81' lang='lat' dir='ltr'>analoga</span> <span class='ocrx_word' id='word_1_121' title='bbox 692 1059 742 1092; x_wconf 89' lang='grc' dir='ltr'>ἑνὶ</span> <span class='ocrx_word' id='word_1_122' title='bbox 768 1062 822 1100; x_wconf 87' lang='grc' dir='ltr'>τῷ</span> <span class='ocrx_word' id='word_1_123' title='bbox 847 1060 984 1100; x_wconf 86' lang='grc' dir='ltr'>πρώτῳ</span> <span class='ocrx_word' id='word_1_124' title='bbox 997 1056 1164 1101; x_wconf 86' lang='lat' dir='ltr'>(Demost.</span> <span class='ocrx_word' id='word_1_125' title='bbox 1185 1056 1329 1101; x_wconf 76' lang='lat' dir='ltr'>Olyntlz.</span> <span class='ocrx_word' id='word_1_126' title='bbox 1345 1057 1367 1095; x_wconf 80' lang='lat'>1,</span> <span class='ocrx_word' id='word_1_127' title='bbox 1381 1057 1426 1100; x_wconf 81' lang='lat'>9).</span> <span class='ocrx_word' id='word_1_128' title='bbox 1446 1077 1487 1083; x_wconf 90' lang='lat'>—</span> <span class='ocrx_word' id='word_1_129' title='bbox 1523 1059 1558 1093; x_wconf 80' lang='lat'>2.</span> <span class='ocrx_word' id='word_1_130' title='bbox 1577 1070 1628 1093; x_wconf 84' lang='lat' dir='ltr'>co-</span> 
     </span>
     <span class='ocr_line' id='line_1_16' title="bbox 159 1102 1626 1146; baseline 0 -9"><span class='ocrx_word' id='word_1_131' title='bbox 159 1114 255 1137; x_wconf 75' lang='lat' dir='ltr'>nexa</span> <span class='ocrx_word' id='word_1_132' title='bbox 280 1109 314 1136; x_wconf 83' lang='lat' dir='ltr'>et</span> <span class='ocrx_word' id='word_1_133' title='bbox 337 1104 544 1141; x_wconf 78' lang='lat' dir='ltr'>indiscreta,</span> <span class='ocrx_word' id='word_1_134' title='bbox 569 1103 640 1136; x_wconf 78' lang='lat' dir='ltr'>cosi</span> <span class='ocrx_word' id='word_1_135' title='bbox 668 1102 690 1142; x_wconf 88' lang='lat'>1,</span> <span class='ocrx_word' id='word_1_136' title='bbox 715 1103 748 1142; x_wconf 78' lang='lat'>2,</span> <span class='ocrx_word' id='word_1_137' title='bbox 764 1102 805 1136; x_wconf 88' lang='lat'>3:</span> <span class='ocrx_word' id='word_1_138' title='bbox 832 1104 990 1136; x_wconf 83' lang='lat' dir='ltr'>iuncea...</span> <span class='ocrx_word' id='word_1_139' title='bbox 1008 1109 1117 1146; x_wconf 83' lang='lat' dir='ltr'>atque</span> <span class='ocrx_word' id='word_1_140' title='bbox 1134 1102 1344 1141; x_wconf 77' lang='lat' dir='ltr'>indiscreta3</span> <span class='ocrx_word' id='word_1_141' title='bbox 1365 1102 1398 1135; x_wconf 92' lang='lat' dir='ltr'>in</span> <span class='ocrx_word' id='word_1_142' title='bbox 1425 1104 1596 1137; x_wconf 74' lang='lat' dir='ltr'>enti-ambi</span> <span class='ocrx_word' id='word_1_143' title='bbox 1616 1104 1626 1137; x_wconf 93' lang='lat' dir='ltr'>i</span> 
     </span>
     <span class='ocr_line' id='line_1_17' title="bbox 160 1147 1626 1193; baseline -0.001 -12"><span class='ocrx_word' id='word_1_144' title='bbox 160 1147 292 1193; x_wconf 82' lang='lat' dir='ltr'>luoghi,</span> <span class='ocrx_word' id='word_1_145' title='bbox 310 1158 407 1182; x_wconf 86' lang='lat' dir='ltr'>come</span> <span class='ocrx_word' id='word_1_146' title='bbox 423 1158 541 1192; x_wconf 81' lang='lat' dir='ltr'>spesso</span> <span class='ocrx_word' id='word_1_147' title='bbox 567 1147 601 1180; x_wconf 90' lang='lat' dir='ltr'>in</span> <span class='ocrx_word' id='word_1_148' title='bbox 627 1147 752 1184; x_wconf 81' lang='lat' dir='ltr'>Plinio,</span> <span class='ocrx_word' id='word_1_149' title='bbox 778 1148 974 1181; x_wconf 72' lang='lat' dir='ltr'>indiscreta</span> <span class='ocrx_word' id='word_1_150' title='bbox 999 1147 1135 1191; x_wconf 79' lang='lat' dir='ltr'>(pai-ola</span> <span class='ocrx_word' id='word_1_151' title='bbox 1160 1158 1228 1181; x_wconf 91' lang='lat' dir='ltr'>non</span> <span class='ocrx_word' id='word_1_152' title='bbox 1254 1152 1352 1180; x_wconf 80' lang='lat' dir='ltr'>usata</span> <span class='ocrx_word' id='word_1_153' title='bbox 1377 1147 1419 1180; x_wconf 84' lang='lat' dir='ltr'>da</span> <span class='ocrx_word' id='word_1_154' title='bbox 1445 1147 1626 1188; x_wconf 83' lang='lat' dir='ltr'>Cicerone)</span> 
     </span>
     <span class='ocr_line' id='line_1_18' title="bbox 159 1192 1625 1237; baseline 0 -11"><span class='ocrx_word' id='word_1_155' title='bbox 159 1193 320 1237; x_wconf 84' lang='lat' dir='ltr'>significa</span> <span class='ocrx_word' id='word_1_156' title='bbox 345 1199 353 1211; x_wconf 72' lang='lat'>⁶</span> <span class='ocrx_word' id='word_1_157' title='bbox 369 1192 593 1237; x_wconf 77' lang='lat' dir='ltr'>inseparabili</span> <span class='ocrx_word' id='word_1_158' title='bbox 609 1192 626 1224; x_wconf 77' lang='grc'>“.</span> <span class='ocrx_word' id='word_1_159' title='bbox 652 1211 695 1218; x_wconf 92' lang='grc'>-</span> <span class='ocrx_word' id='word_1_160' title='bbox 719 1194 853 1231; x_wconf 76' lang='lat' dir='ltr'>omnia,</span> <span class='ocrx_word' id='word_1_161' title='bbox 870 1192 945 1226; x_wconf 75' lang='grc' dir='ltr'>οἰοέ</span> <span class='ocrx_word' id='word_1_162' title='bbox 974 1192 1097 1226; x_wconf 84' lang='lat' dir='ltr'>cotesti</span> <span class='ocrx_word' id='word_1_163' title='bbox 1122 1192 1264 1226; x_wconf 82' lang='lat' dir='ltr'>esereizi</span> <span class='ocrx_word' id='word_1_164' title='bbox 1281 1192 1372 1226; x_wconf 87' lang='lat' dir='ltr'>dello</span> <span class='ocrx_word' id='word_1_165' title='bbox 1390 1192 1551 1232; x_wconf 82' lang='lat' dir='ltr'>scrivere,</span> <span class='ocrx_word' id='word_1_166' title='bbox 1569 1194 1625 1227; x_wconf 82' lang='lat' dir='ltr'>del</span> 
     </span>
     <span class='ocr_line' id='line_1_19' title="bbox 159 1236 1624 1282; baseline 0 -12"><span class='ocrx_word' id='word_1_167' title='bbox 159 1237 310 1282; x_wconf 77' lang='lat' dir='ltr'>leggere.</span> <span class='ocrx_word' id='word_1_168' title='bbox 328 1237 382 1270; x_wconf 86' lang='lat' dir='ltr'>del</span> <span class='ocrx_word' id='word_1_169' title='bbox 409 1237 544 1281; x_wconf 80' lang='lat' dir='ltr'>pariare</span> <span class='ocrx_word' id='word_1_170' title='bbox 557 1238 605 1277; x_wconf 83' lang='lat' dir='ltr'>(ai</span> <span class='ocrx_word' id='word_1_171' title='bbox 623 1236 717 1281; x_wconf 81' lang='lat' dir='ltr'>quali</span> <span class='ocrx_word' id='word_1_172' title='bbox 735 1237 912 1272; x_wconf 75' lang='lat' dir='ltr'>Cicerone.</span> <span class='ocrx_word' id='word_1_173' title='bbox 930 1236 951 1269; x_wconf 95' lang='lat' dir='ltr'>l.</span> <span class='ocrx_word' id='word_1_174' title='bbox 970 1250 1010 1275; x_wconf 67' lang='lat' dir='ltr'>c..</span> <span class='ocrx_word' id='word_1_175' title='bbox 1028 1237 1206 1281; x_wconf 81' lang='lat' dir='ltr'>aggiunge</span> <span class='ocrx_word' id='word_1_176' title='bbox 1223 1237 1248 1270; x_wconf 90' lang='lat' dir='ltr'>il</span> <span class='ocrx_word' id='word_1_177' title='bbox 1267 1237 1448 1278; x_wconf 80' lang='lat' dir='ltr'>tradurre).</span> <span class='ocrx_word' id='word_1_178' title='bbox 1466 1257 1508 1262; x_wconf 98' lang='lat'><strong>—</strong></span> <span class='ocrx_word' id='word_1_179' title='bbox 1525 1239 1624 1282; x_wconf 72' lang='lat' dir='ltr'>quid,</span> 
     </span>
     <span class='ocr_line' id='line_1_20' title="bbox 159 1281 1625 1319; baseline 0 -3"><span class='ocrx_word' id='word_1_180' title='bbox 159 1282 365 1317; x_wconf 80' lang='lat' dir='ltr'>restrittivo:</span> <span class='ocrx_word' id='word_1_181' title='bbox 382 1287 390 1300; x_wconf 90' lang='lat'>‘</span> <span class='ocrx_word' id='word_1_182' title='bbox 403 1282 515 1315; x_wconf 64' lang='lat' dir='ltr'>anche</span> <span class='ocrx_word' id='word_1_183' title='bbox 530 1293 598 1315; x_wconf 80' lang='lat' dir='ltr'>uno</span> <span class='ocrx_word' id='word_1_184' title='bbox 611 1281 700 1315; x_wconf 73' lang='lat' dir='ltr'>solo&#39;</span> <span class='ocrx_word' id='word_1_185' title='bbox 757 1301 799 1307; x_wconf 96' lang='lat'>—</span> <span class='ocrx_word' id='word_1_186' title='bbox 814 1283 928 1315; x_wconf 80' lang='lat' dir='ltr'>multo</span> <span class='ocrx_word' id='word_1_187' title='bbox 941 1282 1034 1319; x_wconf 75' lang='lat' dir='ltr'>stilo,</span> <span class='ocrx_word' id='word_1_188' title='bbox 1049 1282 1123 1316; x_wconf 72' lang='lat' dir='ltr'>cioe</span> <span class='ocrx_word' id='word_1_189' title='bbox 1139 1282 1255 1315; x_wconf 81' lang='lat' dir='ltr'><em>multa</em></span> <span class='ocrx_word' id='word_1_190' title='bbox 1272 1283 1460 1316; x_wconf 82' lang='lat' dir='ltr'>scribendo</span> <span class='ocrx_word' id='word_1_191' title='bbox 1473 1293 1492 1316; x_wconf 94' lang='grc' dir='ltr'><strong>ο</strong></span> <span class='ocrx_word' id='word_1_192' title='bbox 1506 1283 1625 1316; x_wconf 78' lang='lat' dir='ltr'>multa</span> 
     </span>
     <span class='ocr_line' id='line_1_21' title="bbox 157 1326 1624 1372; baseline -0.001 -10"><span class='ocrx_word' id='word_1_193' title='bbox 157 1328 339 1362; x_wconf 76' lang='lat' dir='ltr'>scribendi</span> <span class='ocrx_word' id='word_1_194' title='bbox 362 1329 635 1367; x_wconf 77' lang='lat' dir='ltr'>exercitacinne;</span> <span class='ocrx_word' id='word_1_195' title='bbox 651 1327 712 1359; x_wconf 88' lang='lat' dir='ltr'>cfr.</span> <span class='ocrx_word' id='word_1_196' title='bbox 728 1326 799 1360; x_wconf 89' lang='lat' dir='ltr'>Cic.</span> <span class='ocrx_word' id='word_1_197' title='bbox 825 1327 870 1360; x_wconf 80' lang='lat' dir='ltr'>(Ie</span> <span class='ocrx_word' id='word_1_198' title='bbox 893 1326 991 1360; x_wconf 77' lang='lat' dir='ltr'>Orat.</span> <span class='ocrx_word' id='word_1_199' title='bbox 1021 1328 1042 1365; x_wconf 80' lang='lat' dir='ltr'>l,</span> <span class='ocrx_word' id='word_1_200' title='bbox 1060 1327 1208 1365; x_wconf 77' lang='grc'>33,150;</span> <span class='ocrx_word' id='word_1_201' title='bbox 1226 1328 1333 1360; x_wconf 73' lang='lat' dir='ltr'>stilus</span> <span class='ocrx_word' id='word_1_202' title='bbox 1356 1327 1447 1368; x_wconf 72' lang='lat' dir='ltr'>(cioe</span> <span class='ocrx_word' id='word_1_203' title='bbox 1470 1334 1624 1372; x_wconf 83' lang='lat' dir='ltr'>appunto</span> 
     </span>
     <span class='ocr_line' id='line_1_22' title="bbox 157 1373 1624 1417; baseline 0 -11"><span class='ocrx_word' id='word_1_204' title='bbox 157 1373 339 1406; x_wconf 72' lang='lat' dir='ltr'>scribendi</span> <span class='ocrx_word' id='word_1_205' title='bbox 362 1373 586 1413; x_wconf 73' lang='lat' dir='ltr'>exercitatio)</span> <span class='ocrx_word' id='word_1_206' title='bbox 611 1375 768 1416; x_wconf 79' lang='lat' dir='ltr'>optimus</span> <span class='ocrx_word' id='word_1_207' title='bbox 804 1378 838 1406; x_wconf 78' lang='lat' dir='ltr'>et</span> <span class='ocrx_word' id='word_1_208' title='bbox 867 1374 1209 1415; x_wconf 79' lang='lat' dir='ltr'>praestantissimus</span> <span class='ocrx_word' id='word_1_209' title='bbox 1245 1373 1390 1406; x_wconf 77' lang='lat' dir='ltr'>dicendi</span> <span class='ocrx_word' id='word_1_210' title='bbox 1413 1374 1559 1417; x_wconf 81' lang='lat' dir='ltr'>effector</span> <span class='ocrx_word' id='word_1_211' title='bbox 1582 1385 1624 1406; x_wconf 87' lang='lat' dir='ltr'>ac</span> 
     </span>
     <span class='ocr_line' id='line_1_23' title="bbox 156 1416 1623 1461; baseline 0 -11"><span class='ocrx_word' id='word_1_212' title='bbox 156 1418 341 1461; x_wconf 63' lang='lat' dir='ltr'>magister.</span> <span class='ocrx_word' id='word_1_213' title='bbox 369 1436 406 1441; x_wconf 84' lang='lat'>-</span> <span class='ocrx_word' id='word_1_214' title='bbox 434 1419 527 1451; x_wconf 81' lang='lat' dir='ltr'>vires</span> <span class='ocrx_word' id='word_1_215' title='bbox 551 1418 741 1460; x_wconf 80' lang='lat' dir='ltr'>acceperit,</span> <span class='ocrx_word' id='word_1_216' title='bbox 767 1417 801 1449; x_wconf 92' lang='lat' dir='ltr'>in</span> <span class='ocrx_word' id='word_1_217' title='bbox 827 1417 1114 1461; x_wconf 76' lang='lat' dir='ltr'>cor-rispondenza</span> <span class='ocrx_word' id='word_1_218' title='bbox 1140 1427 1158 1449; x_wconf 86' lang='lat' dir='ltr'>a</span> <span class='ocrx_word' id='word_1_219' title='bbox 1183 1416 1300 1449; x_wconf 80' lang='lat' dir='ltr'>solida</span> <span class='ocrx_word' id='word_1_220' title='bbox 1325 1426 1433 1461; x_wconf 74' lang='lat' dir='ltr'>acque</span> <span class='ocrx_word' id='word_1_221' title='bbox 1464 1419 1623 1451; x_wconf 76' lang='lat' dir='ltr'>robusta.</span> 
     </span>
     <span class='ocr_line' id='line_1_24' title="bbox 157 1461 1624 1506; baseline 0.001 -10"><span class='ocrx_word' id='word_1_222' title='bbox 157 1461 207 1496; x_wconf 87' lang='lat' dir='ltr'>La</span> <span class='ocrx_word' id='word_1_223' title='bbox 231 1461 495 1506; x_wconf 84' lang='lat' dir='ltr'>eomparazione</span> <span class='ocrx_word' id='word_1_224' title='bbox 519 1461 792 1506; x_wconf 80' lang='lat' dir='ltr'>dell‘eloquenza</span> <span class='ocrx_word' id='word_1_225' title='bbox 816 1461 849 1494; x_wconf 89' lang='grc'>31</span> <span class='ocrx_word' id='word_1_226' title='bbox 875 1472 979 1506; x_wconf 79' lang='lat' dir='ltr'>corpo</span> <span class='ocrx_word' id='word_1_227' title='bbox 1005 1472 1132 1495; x_wconf 83' lang='lat' dir='ltr'>umano</span> <span class='ocrx_word' id='word_1_228' title='bbox 1157 1466 1256 1495; x_wconf 83' lang='lat' dir='ltr'>torna</span> <span class='ocrx_word' id='word_1_229' title='bbox 1281 1473 1398 1506; x_wconf 82' lang='lat' dir='ltr'>spesso</span> <span class='ocrx_word' id='word_1_230' title='bbox 1424 1463 1479 1496; x_wconf 86' lang='lat' dir='ltr'>nel</span> <span class='ocrx_word' id='word_1_231' title='bbox 1507 1468 1624 1497; x_wconf 66' lang='lat' dir='ltr'>nostro</span> 
     </span>
     <span class='ocr_line' id='line_1_25' title="bbox 155 1505 1622 1551; baseline 0 -11"><span class='ocrx_word' id='word_1_232' title='bbox 155 1511 288 1547; x_wconf 81' lang='lat' dir='ltr'>autore,</span> <span class='ocrx_word' id='word_1_233' title='bbox 311 1517 410 1540; x_wconf 88' lang='lat' dir='ltr'>come</span> <span class='ocrx_word' id='word_1_234' title='bbox 434 1508 513 1540; x_wconf 63' lang='lat' dir='ltr'>sara</span> <span class='ocrx_word' id='word_1_235' title='bbox 539 1511 656 1540; x_wconf 85' lang='lat' dir='ltr'>notato</span> <span class='ocrx_word' id='word_1_236' title='bbox 681 1506 714 1539; x_wconf 82' lang='lat' dir='ltr'>ai</span> <span class='ocrx_word' id='word_1_237' title='bbox 740 1506 812 1540; x_wconf 89' lang='lat' dir='ltr'>loro</span> <span class='ocrx_word' id='word_1_238' title='bbox 837 1505 970 1551; x_wconf 84' lang='lat' dir='ltr'>luoghi.</span> <span class='ocrx_word' id='word_1_239' title='bbox 996 1526 1038 1532; x_wconf 89' lang='lat'>—</span> <span class='ocrx_word' id='word_1_240' title='bbox 1062 1508 1156 1540; x_wconf 77' lang='lat' dir='ltr'>citra</span> <span class='ocrx_word' id='word_1_241' title='bbox 1179 1522 1225 1535; x_wconf 90' lang='lat'>=</span> <span class='ocrx_word' id='word_1_242' title='bbox 1247 1508 1341 1544; x_wconf 81' lang='lat' dir='ltr'>sine:</span> <span class='ocrx_word' id='word_1_243' title='bbox 1359 1507 1421 1541; x_wconf 85' lang='lat' dir='ltr'>cfr.</span> <span class='ocrx_word' id='word_1_244' title='bbox 1440 1507 1518 1547; x_wconf 82' lang='lat' dir='ltr'>XII,</span> <span class='ocrx_word' id='word_1_245' title='bbox 1535 1508 1567 1544; x_wconf 83' lang='grc'>6,</span> <span class='ocrx_word' id='word_1_246' title='bbox 1585 1509 1622 1543; x_wconf 71' lang='lat'>4:</span> 
     </span>
     <span class='ocr_line' id='line_1_26' title="bbox 150 1551 1625 1597; baseline 0.001 -12"><span class='ocrx_word' id='word_1_247' title='bbox 150 1552 447 1597; x_wconf 77' lang='lat' dir='ltr'>plusque...usus</span> <span class='ocrx_word' id='word_1_248' title='bbox 475 1553 570 1586; x_wconf 82' lang='lat' dir='ltr'>sine</span> <span class='ocrx_word' id='word_1_249' title='bbox 594 1552 760 1585; x_wconf 78' lang='lat' dir='ltr'>doctrina</span> <span class='ocrx_word' id='word_1_250' title='bbox 786 1562 897 1595; x_wconf 80' lang='lat' dir='ltr'>quam</span> <span class='ocrx_word' id='word_1_251' title='bbox 921 1553 1036 1585; x_wconf 79' lang='lat' dir='ltr'>citra</span> <span class='ocrx_word' id='word_1_252' title='bbox 1063 1563 1171 1585; x_wconf 80' lang='lat' dir='ltr'>usum</span> <span class='ocrx_word' id='word_1_253' title='bbox 1189 1551 1357 1585; x_wconf 75' lang='lat' dir='ltr'>doctrina</span> <span class='ocrx_word' id='word_1_254' title='bbox 1382 1553 1486 1586; x_wconf 78' lang='lat' dir='ltr'>valet.</span> <span class='ocrx_word' id='word_1_255' title='bbox 1512 1572 1555 1578; x_wconf 93' lang='lat'>--</span> <span class='ocrx_word' id='word_1_256' title='bbox 1581 1554 1625 1586; x_wconf 79' lang='lat' dir='ltr'>Ic-</span> 
     </span>
     <span class='ocr_line' id='line_1_27' title="bbox 154 1596 1625 1640; baseline 0 -9"><span class='ocrx_word' id='word_1_257' title='bbox 154 1598 293 1636; x_wconf 64' lang='lat' dir='ltr'>orionis,</span> <span class='ocrx_word' id='word_1_258' title='bbox 311 1602 318 1615; x_wconf 89' lang='lat'>‘</span> <span class='ocrx_word' id='word_1_259' title='bbox 333 1597 461 1630; x_wconf 84' lang='lat' dir='ltr'>lettura</span> <span class='ocrx_word' id='word_1_260' title='bbox 476 1596 494 1633; x_wconf 68' lang='grc' dir='ltr'>’ς</span> <span class='ocrx_word' id='word_1_261' title='bbox 520 1597 538 1630; x_wconf 79' lang='grc' dir='ltr'>ἐ</span> <span class='ocrx_word' id='word_1_262' title='bbox 562 1597 719 1639; x_wconf 72' lang='lat' dir='ltr'>genitivo</span> <span class='ocrx_word' id='word_1_263' title='bbox 736 1597 943 1640; x_wconf 72' lang='lat' dir='ltr'>soggettivo.</span> <span class='ocrx_word' id='word_1_264' title='bbox 963 1616 1006 1622; x_wconf 93' lang='lat'><strong>—</strong></span> <span class='ocrx_word' id='word_1_265' title='bbox 1037 1596 1140 1630; x_wconf 83' lang='lat' dir='ltr'>labor</span> <span class='ocrx_word' id='word_1_266' title='bbox 1156 1596 1230 1635; x_wconf 82' lang='lat' dir='ltr'>ille,</span> <span class='ocrx_word' id='word_1_267' title='bbox 1255 1598 1447 1631; x_wconf 75' lang='lat' dir='ltr'>scribendi.</span> <span class='ocrx_word' id='word_1_268' title='bbox 1466 1598 1625 1631; x_wconf 79' lang='lat' dir='ltr'>—labor</span> 
     </span>
     <span class='ocr_line' id='line_1_28' title="bbox 157 1641 1624 1686; baseline -0.001 -11"><span class='ocrx_word' id='word_1_269' title='bbox 157 1641 222 1676; x_wconf 79' lang='lat' dir='ltr'>ille</span> <span class='ocrx_word' id='word_1_270' title='bbox 243 1652 372 1676; x_wconf 82' lang='lat' dir='ltr'>carens</span> <span class='ocrx_word' id='word_1_271' title='bbox 395 1647 533 1676; x_wconf 82' lang='lat' dir='ltr'>rectore</span> <span class='ocrx_word' id='word_1_272' title='bbox 554 1642 724 1686; x_wconf 79' lang='lat' dir='ltr'>fluitabit,</span> <span class='ocrx_word' id='word_1_273' title='bbox 749 1642 821 1675; x_wconf 82' lang='lat' dir='ltr'>cosi</span> <span class='ocrx_word' id='word_1_274' title='bbox 840 1641 868 1673; x_wconf 88' lang='lat' dir='ltr'>V</span> <span class='ocrx_word' id='word_1_275' title='bbox 874 1641 914 1680; x_wconf 81' lang='grc' dir='ltr'>ΙΙ,</span> <span class='ocrx_word' id='word_1_276' title='bbox 934 1652 1095 1685; x_wconf 81' lang='lat' dir='ltr'>prooem.</span> <span class='ocrx_word' id='word_1_277' title='bbox 1120 1641 1160 1675; x_wconf 82' lang='lat'>3:</span> <span class='ocrx_word' id='word_1_278' title='bbox 1185 1644 1302 1676; x_wconf 79' lang='lat' dir='ltr'>oratio</span> <span class='ocrx_word' id='word_1_279' title='bbox 1329 1653 1456 1676; x_wconf 80' lang='lat' dir='ltr'>carens</span> <span class='ocrx_word' id='word_1_280' title='bbox 1469 1643 1537 1676; x_wconf 82' lang='lat' dir='ltr'>hac</span> <span class='ocrx_word' id='word_1_281' title='bbox 1554 1645 1624 1675; x_wconf 78' lang='lat' dir='ltr'>vir-</span> 
     </span>
     <span class='ocr_line' id='line_1_29' title="bbox 157 1686 1623 1731; baseline 0.002 -12"><span class='ocrx_word' id='word_1_282' title='bbox 157 1693 231 1721; x_wconf 79' lang='lat' dir='ltr'>tute</span> <span class='ocrx_word' id='word_1_283' title='bbox 254 1686 428 1730; x_wconf 85' lang='lat' dir='ltr'>(l&#39;ordine)</span> <span class='ocrx_word' id='word_1_284' title='bbox 464 1687 713 1720; x_wconf 79' lang='lat' dir='ltr'>tumultuetur</span> <span class='ocrx_word' id='word_1_285' title='bbox 736 1697 876 1720; x_wconf 76' lang='lat' dir='ltr'>necesse</span> <span class='ocrx_word' id='word_1_286' title='bbox 899 1693 952 1721; x_wconf 80' lang='lat' dir='ltr'>est</span> <span class='ocrx_word' id='word_1_287' title='bbox 978 1693 1011 1720; x_wconf 80' lang='lat' dir='ltr'>et</span> <span class='ocrx_word' id='word_1_288' title='bbox 1039 1689 1117 1721; x_wconf 79' lang='lat' dir='ltr'>sine</span> <span class='ocrx_word' id='word_1_289' title='bbox 1142 1692 1279 1721; x_wconf 74' lang='lat' dir='ltr'>rectore</span> <span class='ocrx_word' id='word_1_290' title='bbox 1301 1688 1428 1731; x_wconf 79' lang='lat' dir='ltr'>fluitet.</span> <span class='ocrx_word' id='word_1_291' title='bbox 1467 1687 1532 1722; x_wconf 88' lang='lat' dir='ltr'>Nei</span> <span class='ocrx_word' id='word_1_292' title='bbox 1557 1687 1623 1722; x_wconf 87' lang='lat' dir='ltr'>due</span> 
     </span>
     <span class='ocr_line' id='line_1_30' title="bbox 154 1730 1623 1776; baseline 0 -11"><span class='ocrx_word' id='word_1_293' title='bbox 154 1730 279 1776; x_wconf 87' lang='lat' dir='ltr'>luoghi</span> <span class='ocrx_word' id='word_1_294' title='bbox 304 1732 337 1765; x_wconf 87' lang='lat' dir='ltr'>la</span> <span class='ocrx_word' id='word_1_295' title='bbox 364 1731 533 1765; x_wconf 84' lang='lat' dir='ltr'>metafora</span> <span class='ocrx_word' id='word_1_296' title='bbox 565 1732 584 1765; x_wconf 79' lang='grc' dir='ltr'>ὲ</span> <span class='ocrx_word' id='word_1_297' title='bbox 615 1731 771 1765; x_wconf 76' lang='lat' dir='ltr'>derivata</span> <span class='ocrx_word' id='word_1_298' title='bbox 804 1731 897 1764; x_wconf 86' lang='lat' dir='ltr'>dalla</span> <span class='ocrx_word' id='word_1_299' title='bbox 931 1743 1036 1765; x_wconf 84' lang='lat' dir='ltr'>nave:</span> <span class='ocrx_word' id='word_1_300' title='bbox 1061 1731 1181 1776; x_wconf 85' lang='lat' dir='ltr'>quindi</span> <span class='ocrx_word' id='word_1_301' title='bbox 1215 1738 1333 1766; x_wconf 85' lang='lat' dir='ltr'>rector</span> <span class='ocrx_word' id='word_1_302' title='bbox 1351 1744 1368 1763; x_wconf 86' lang='lat'>«</span> <span class='ocrx_word' id='word_1_303' title='bbox 1388 1731 1507 1776; x_wconf 76' lang='lat' dir='ltr'>pilota‚</span> <span class='ocrx_word' id='word_1_304' title='bbox 1525 1732 1623 1765; x_wconf 85' lang='lat' dir='ltr'>timo-</span> 
     </span>
     <span class='ocr_line' id='line_1_31' title="bbox 156 1776 1620 1822; baseline 0 -12"><span class='ocrx_word' id='word_1_305' title='bbox 156 1776 252 1811; x_wconf 84' lang='lat' dir='ltr'>niere</span> <span class='ocrx_word' id='word_1_306' title='bbox 269 1789 302 1816; x_wconf 78' lang='lat'>»‚</span> <span class='ocrx_word' id='word_1_307' title='bbox 326 1776 401 1810; x_wconf 72' lang='lat' dir='ltr'>cioe</span> <span class='ocrx_word' id='word_1_308' title='bbox 427 1776 557 1820; x_wconf 71' lang='lat' dir='ltr'>*guida</span> <span class='ocrx_word' id='word_1_309' title='bbox 576 1777 594 1809; x_wconf 87' lang='grc'>’.</span> <span class='ocrx_word' id='word_1_310' title='bbox 622 1795 663 1802; x_wconf 91' lang='grc'>-</span> <span class='ocrx_word' id='word_1_311' title='bbox 698 1778 762 1821; x_wconf 73' lang='lat' dir='ltr'>qui</span> <span class='ocrx_word' id='word_1_312' title='bbox 784 1778 880 1813; x_wconf 77' lang='lat' dir='ltr'>sciet,</span> <span class='ocrx_word' id='word_1_313' title='bbox 904 1777 968 1810; x_wconf 84' lang='lat' dir='ltr'>cfr.</span> <span class='ocrx_word' id='word_1_314' title='bbox 992 1780 1014 1817; x_wconf 70' lang='grc' dir='ltr'>,ξ</span> <span class='ocrx_word' id='word_1_315' title='bbox 1039 1776 1070 1808; x_wconf 85' lang='grc'>4.</span> <span class='ocrx_word' id='word_1_316' title='bbox 1107 1795 1150 1802; x_wconf 93' lang='lat'><em>-</em></span> <span class='ocrx_word' id='word_1_317' title='bbox 1173 1788 1267 1821; x_wconf 81' lang='lat' dir='ltr'>quae</span> <span class='ocrx_word' id='word_1_318' title='bbox 1297 1788 1438 1821; x_wconf 82' lang='lat' dir='ltr'>quoque</span> <span class='ocrx_word' id='word_1_319' title='bbox 1532 1779 1620 1822; x_wconf 82' lang='lat' dir='ltr'><strong>App.</strong></span> 
     </span>
     <span class='ocr_line' id='line_1_32' title="bbox 155 1821 1621 1866; baseline 0.001 -12"><span class='ocrx_word' id='word_1_320' title='bbox 155 1821 231 1854; x_wconf 81' lang='lat' dir='ltr'>crit.</span> <span class='ocrx_word' id='word_1_321' title='bbox 256 1841 299 1846; x_wconf 89' lang='lat'>—</span> <span class='ocrx_word' id='word_1_322' title='bbox 323 1822 362 1854; x_wconf 82' lang='lat' dir='ltr'>in</span> <span class='ocrx_word' id='word_1_323' title='bbox 380 1823 584 1865; x_wconf 78' lang='lat' dir='ltr'>procinctu,</span> <span class='ocrx_word' id='word_1_324' title='bbox 609 1832 627 1855; x_wconf 86' lang='lat' dir='ltr'>e</span> <span class='ocrx_word' id='word_1_325' title='bbox 653 1821 769 1866; x_wconf 82' lang='lat' dir='ltr'>percio</span> <span class='ocrx_word' id='word_1_326' title='bbox 781 1827 956 1865; x_wconf 82' lang='lat' dir='ltr'>paratam</span> <span class='ocrx_word' id='word_1_327' title='bbox 980 1822 1029 1854; x_wconf 68' lang='lat' dir='ltr'>acl</span> <span class='ocrx_word' id='word_1_328' title='bbox 1053 1832 1175 1855; x_wconf 80' lang='lat' dir='ltr'>omnes</span> <span class='ocrx_word' id='word_1_329' title='bbox 1199 1832 1315 1861; x_wconf 77' lang='lat' dir='ltr'>casus,</span> <span class='ocrx_word' id='word_1_330' title='bbox 1339 1833 1436 1856; x_wconf 86' lang='lat' dir='ltr'>come</span> <span class='ocrx_word' id='word_1_331' title='bbox 1461 1822 1471 1855; x_wconf 92' lang='lat' dir='ltr'>i</span> <span class='ocrx_word' id='word_1_332' title='bbox 1496 1821 1621 1856; x_wconf 84' lang='lat' dir='ltr'>soldati</span> 
     </span>
     <span class='ocr_line' id='line_1_33' title="bbox 154 1865 1622 1912; baseline 0.001 -12"><span class='ocrx_word' id='word_1_333' title='bbox 154 1865 222 1900; x_wconf 82' lang='lat' dir='ltr'>che</span> <span class='ocrx_word' id='word_1_334' title='bbox 246 1876 331 1900; x_wconf 89' lang='lat' dir='ltr'>sono</span> <span class='ocrx_word' id='word_1_335' title='bbox 355 1866 391 1899; x_wconf 91' lang='lat' dir='ltr'>in</span> <span class='ocrx_word' id='word_1_336' title='bbox 407 1865 519 1910; x_wconf 81' lang='lat' dir='ltr'>prima</span> <span class='ocrx_word' id='word_1_337' title='bbox 538 1865 641 1904; x_wconf 84' lang='lat' dir='ltr'>linea,</span> <span class='ocrx_word' id='word_1_338' title='bbox 659 1866 772 1910; x_wconf 74' lang='lat' dir='ltr'>pronti</span> <span class='ocrx_word' id='word_1_339' title='bbox 791 1878 809 1898; x_wconf 88' lang='grc'><strong>3</strong></span> <span class='ocrx_word' id='word_1_340' title='bbox 828 1867 1041 1900; x_wconf 70' lang='lat' dir='ltr'>combatteoe</span> <span class='ocrx_word' id='word_1_341' title='bbox 1057 1867 1297 1910; x_wconf 77' lang='lat' dir='ltr'>(procinctus)</span> <span class='ocrx_word' id='word_1_342' title='bbox 1313 1878 1319 1898; x_wconf 92' lang='lat'>:</span> <span class='ocrx_word' id='word_1_343' title='bbox 1339 1866 1449 1901; x_wconf 87' lang='lat' dir='ltr'>donde</span> <span class='ocrx_word' id='word_1_344' title='bbox 1467 1871 1622 1912; x_wconf 85' lang='lat' dir='ltr'>appunto</span> 
     </span>
     <span class='ocr_line' id='line_1_34' title="bbox 154 1910 1622 1955; baseline 0.001 -11"><span class='ocrx_word' id='word_1_345' title='bbox 154 1910 333 1955; x_wconf 84' lang='lat' dir='ltr'>l&#39;imagine</span> <span class='ocrx_word' id='word_1_346' title='bbox 359 1910 574 1949; x_wconf 75' lang='lat' dir='ltr'>metaforica,</span> <span class='ocrx_word' id='word_1_347' title='bbox 601 1910 633 1943; x_wconf 88' lang='lat' dir='ltr'>la</span> <span class='ocrx_word' id='word_1_348' title='bbox 659 1911 713 1944; x_wconf 88' lang='lat' dir='ltr'>cui</span> <span class='ocrx_word' id='word_1_349' title='bbox 739 1911 908 1945; x_wconf 71' lang='lat' dir='ltr'>arditezza</span> <span class='ocrx_word' id='word_1_350' title='bbox 927 1911 946 1945; x_wconf 75' lang='lat' dir='ltr'>e</span> <span class='ocrx_word' id='word_1_351' title='bbox 964 1911 999 1944; x_wconf 91' lang='lat' dir='ltr'>in</span> <span class='ocrx_word' id='word_1_352' title='bbox 1017 1916 1112 1945; x_wconf 77' lang='lat' dir='ltr'>certo</span> <span class='ocrx_word' id='word_1_353' title='bbox 1137 1912 1237 1945; x_wconf 78' lang='lat' dir='ltr'>modo</span> <span class='ocrx_word' id='word_1_354' title='bbox 1255 1916 1434 1945; x_wconf 78' lang='lat' dir='ltr'>attenuata</span> <span class='ocrx_word' id='word_1_355' title='bbox 1452 1912 1507 1945; x_wconf 87' lang='lat' dir='ltr'>dal</span> <span class='ocrx_word' id='word_1_356' title='bbox 1535 1919 1622 1945; x_wconf 83' lang='lat' dir='ltr'><em>tam-</em></span> 
     </span>
     <span class='ocr_line' id='line_1_35' title="bbox 154 1955 1622 2001; baseline 0.001 -13"><span class='ocrx_word' id='word_1_357' title='bbox 154 1967 266 2000; x_wconf 85' lang='lat' dir='ltr'>quam</span> <span class='ocrx_word' id='word_1_358' title='bbox 291 1959 336 1998; x_wconf 91' lang='lat' dir='ltr'>(v.</span> <span class='ocrx_word' id='word_1_359' title='bbox 363 1957 451 1999; x_wconf 74' lang='lat' dir='ltr'><strong>App.</strong></span> <span class='ocrx_word' id='word_1_360' title='bbox 477 1955 579 1997; x_wconf 80' lang='lat' dir='ltr'>c1·it.).</span> <span class='ocrx_word' id='word_1_361' title='bbox 604 1955 674 1988; x_wconf 79' lang='lat' dir='ltr'>Cfr.</span> <span class='ocrx_word' id='word_1_362' title='bbox 691 1955 769 1993; x_wconf 69' lang='lat' dir='ltr'>XII,</span> <span class='ocrx_word' id='word_1_363' title='bbox 785 1956 817 1990; x_wconf 81' lang='grc'>9,</span> <span class='ocrx_word' id='word_1_364' title='bbox 834 1957 897 1989; x_wconf 75' lang='lat'>21:</span> <span class='ocrx_word' id='word_1_365' title='bbox 921 1963 1108 1989; x_wconf 77' lang='lat' dir='ltr'>armatum</span> <span class='ocrx_word' id='word_1_366' title='bbox 1124 1967 1268 2000; x_wconf 80' lang='lat' dir='ltr'>semper</span> <span class='ocrx_word' id='word_1_367' title='bbox 1291 1968 1333 1989; x_wconf 73' lang='lat' dir='ltr'>ac</span> <span class='ocrx_word' id='word_1_368' title='bbox 1359 1957 1459 1990; x_wconf 83' lang='lat' dir='ltr'>velut</span> <span class='ocrx_word' id='word_1_369' title='bbox 1481 1959 1520 1990; x_wconf 81' lang='lat' dir='ltr'>in</span> <span class='ocrx_word' id='word_1_370' title='bbox 1539 1968 1622 2001; x_wconf 83' lang='lat' dir='ltr'>pro-</span> 
     </span>
     <span class='ocr_line' id='line_1_36' title="bbox 154 2000 1621 2046; baseline 0.001 -13"><span class='ocrx_word' id='word_1_371' title='bbox 154 2002 274 2034; x_wconf 78' lang='lat' dir='ltr'>cinctu</span> <span class='ocrx_word' id='word_1_372' title='bbox 299 2006 464 2034; x_wconf 78' lang='lat' dir='ltr'>stantem.</span> <span class='ocrx_word' id='word_1_373' title='bbox 501 2001 638 2041; x_wconf 80' lang='lat' dir='ltr'>Quanto</span> <span class='ocrx_word' id='word_1_374' title='bbox 674 2000 743 2034; x_wconf 84' lang='lat' dir='ltr'>alla</span> <span class='ocrx_word' id='word_1_375' title='bbox 780 2001 890 2034; x_wconf 82' lang='lat' dir='ltr'>forma</span> <span class='ocrx_word' id='word_1_376' title='bbox 927 2001 1190 2044; x_wconf 76' lang='lat' dir='ltr'>grammaticale</span> <span class='ocrx_word' id='word_1_377' title='bbox 1214 2001 1247 2034; x_wconf 91' lang='lat' dir='ltr'>di</span> <span class='ocrx_word' id='word_1_378' title='bbox 1284 2007 1406 2046; x_wconf 81' lang='lat' dir='ltr'>questa</span> <span class='ocrx_word' id='word_1_379' title='bbox 1443 2001 1621 2036; x_wconf 83' lang='lat' dir='ltr'>locuzione</span> 
     </span>
     <span class='ocr_line' id='line_1_37' title="bbox 155 2045 1621 2092; baseline 0.001 -14"><span class='ocrx_word' id='word_1_380' title='bbox 155 2056 187 2078; x_wconf 90' lang='lat' dir='ltr'>v.</span> <span class='ocrx_word' id='word_1_381' title='bbox 213 2048 235 2087; x_wconf 64' lang='lat' dir='ltr'><strong>g</strong></span> <span class='ocrx_word' id='word_1_382' title='bbox 258 2045 295 2078; x_wconf 84' lang='lat'>6:</span> <span class='ocrx_word' id='word_1_383' title='bbox 315 2047 352 2078; x_wconf 82' lang='lat' dir='ltr'>in</span> <span class='ocrx_word' id='word_1_384' title='bbox 373 2053 559 2088; x_wconf 77' lang='lat' dir='ltr'>promptu,</span> <span class='ocrx_word' id='word_1_385' title='bbox 583 2048 622 2078; x_wconf 84' lang='lat' dir='ltr'>in</span> <span class='ocrx_word' id='word_1_386' title='bbox 646 2051 835 2089; x_wconf 82' lang='lat' dir='ltr'>conspectu</span> <span class='ocrx_word' id='word_1_387' title='bbox 861 2057 879 2079; x_wconf 87' lang='lat' dir='ltr'>e</span> <span class='ocrx_word' id='word_1_388' title='bbox 903 2045 935 2085; x_wconf 81' lang='lat'>7,</span> <span class='ocrx_word' id='word_1_389' title='bbox 961 2046 1016 2078; x_wconf 77' lang='lat'>24:</span> <span class='ocrx_word' id='word_1_390' title='bbox 1039 2047 1075 2078; x_wconf 80' lang='lat' dir='ltr'>in</span> <span class='ocrx_word' id='word_1_391' title='bbox 1093 2047 1281 2092; x_wconf 78' lang='lat' dir='ltr'>expedito.</span> <span class='ocrx_word' id='word_1_392' title='bbox 1300 2065 1343 2072; x_wconf 90' lang='lat'><strong>—</strong></span> <span class='ocrx_word' id='word_1_393' title='bbox 1362 2053 1621 2092; x_wconf 78' lang='lat' dir='ltr'>paratamque,</span> 
     </span>
     <span class='ocr_line' id='line_1_38' title="bbox 155 2089 1622 2136; baseline 0.002 -13"><span class='ocrx_word' id='word_1_394' title='bbox 155 2092 243 2135; x_wconf 85' lang='lat' dir='ltr'>App.</span> <span class='ocrx_word' id='word_1_395' title='bbox 261 2089 337 2123; x_wconf 87' lang='lat' dir='ltr'>crit.</span> <span class='ocrx_word' id='word_1_396' title='bbox 351 2097 577 2133; x_wconf 78' lang='lat' dir='ltr'>—parcnam</span> <span class='ocrx_word' id='word_1_397' title='bbox 601 2091 649 2123; x_wconf 84' lang='lat' dir='ltr'>ad</span> <span class='ocrx_word' id='word_1_398' title='bbox 673 2101 794 2124; x_wconf 82' lang='lat' dir='ltr'>omnes</span> <span class='ocrx_word' id='word_1_399' title='bbox 818 2101 936 2131; x_wconf 78' lang='lat' dir='ltr'>casus,</span> <span class='ocrx_word' id='word_1_400' title='bbox 955 2091 1017 2124; x_wconf 75' lang='lat' dir='ltr'>cfr.</span> <span class='ocrx_word' id='word_1_401' title='bbox 1035 2091 1066 2129; x_wconf 83' lang='lat'>5,</span> <span class='ocrx_word' id='word_1_402' title='bbox 1087 2091 1143 2126; x_wconf 76' lang='lat'>12:</span> <span class='ocrx_word' id='word_1_403' title='bbox 1162 2093 1199 2124; x_wconf 84' lang='lat' dir='ltr'>in</span> <span class='ocrx_word' id='word_1_404' title='bbox 1225 2102 1347 2125; x_wconf 84' lang='lat' dir='ltr'>omnes</span> <span class='ocrx_word' id='word_1_405' title='bbox 1364 2103 1493 2126; x_wconf 78' lang='lat' dir='ltr'>causas</span> <span class='ocrx_word' id='word_1_406' title='bbox 1512 2104 1622 2136; x_wconf 81' lang='lat' dir='ltr'>para—</span> 
     </span>
     <span class='ocr_line' id='line_1_39' title="bbox 155 2135 1621 2179; baseline 0.002 -12"><span class='ocrx_word' id='word_1_407' title='bbox 155 2141 223 2168; x_wconf 78' lang='lat' dir='ltr'>tus.</span> <span class='ocrx_word' id='word_1_408' title='bbox 256 2153 300 2160; x_wconf 92' lang='lat'>—</span> <span class='ocrx_word' id='word_1_409' title='bbox 334 2135 468 2169; x_wconf 75' lang='lat' dir='ltr'>clausis</span> <span class='ocrx_word' id='word_1_410' title='bbox 493 2135 673 2169; x_wconf 78' lang='lat' dir='ltr'>thesauris</span> <span class='ocrx_word' id='word_1_411' title='bbox 697 2136 892 2173; x_wconf 78' lang='lat' dir='ltr'>incubabit,</span> <span class='ocrx_word' id='word_1_412' title='bbox 917 2135 1165 2170; x_wconf 74' lang='lat' dir='ltr'>reminiscenza</span> <span class='ocrx_word' id='word_1_413' title='bbox 1194 2136 1393 2179; x_wconf 73' lang='lat' dir='ltr'>virgiliana.</span> <span class='ocrx_word' id='word_1_414' title='bbox 1424 2137 1552 2178; x_wconf 58' lang='lat' dir='ltr'>Geonq.</span> <span class='ocrx_word' id='word_1_415' title='bbox 1581 2136 1621 2176; x_wconf 84' lang='grc' dir='ltr'>ΙΙ,</span> 
     </span>
     <span class='ocr_line' id='line_1_40' title="bbox 152 2179 1622 2225; baseline 0.002 -13"><span class='ocrx_word' id='word_1_416' title='bbox 152 2179 238 2213; x_wconf 87' lang='lat'><strong>507:</strong></span> <span class='ocrx_word' id='word_1_417' title='bbox 256 2181 428 2223; x_wconf 81' lang='lat' dir='ltr'>defosso...</span> <span class='ocrx_word' id='word_1_418' title='bbox 448 2181 598 2213; x_wconf 80' lang='lat' dir='ltr'>incubat</span> <span class='ocrx_word' id='word_1_419' title='bbox 619 2191 722 2213; x_wconf 81' lang='lat' dir='ltr'>auro.</span> <span class='ocrx_word' id='word_1_420' title='bbox 749 2180 830 2213; x_wconf 70' lang='lat' dir='ltr'>AE&#39;n.</span> <span class='ocrx_word' id='word_1_421' title='bbox 859 2180 914 2219; x_wconf 88' lang='lat' dir='ltr'>VI,</span> <span class='ocrx_word' id='word_1_422' title='bbox 938 2180 1058 2214; x_wconf 77' lang='lat'>6102...</span> <span class='ocrx_word' id='word_1_423' title='bbox 1084 2183 1149 2225; x_wconf 79' lang='lat' dir='ltr'>qui</span> <span class='ocrx_word' id='word_1_424' title='bbox 1171 2182 1308 2214; x_wconf 78' lang='lat' dir='ltr'>divitiis</span> <span class='ocrx_word' id='word_1_425' title='bbox 1333 2182 1401 2215; x_wconf 85' lang='lat' dir='ltr'>soli</span> <span class='ocrx_word' id='word_1_426' title='bbox 1424 2183 1622 2216; x_wconf 73' lang='lat' dir='ltr'>incubuere</span> 
     </span>
     <span class='ocr_line' id='line_1_41' title="bbox 152 2225 1619 2270; baseline 0.001 -11"><span class='ocrx_word' id='word_1_427' title='bbox 152 2226 317 2268; x_wconf 79' lang='lat' dir='ltr'>repertis,</span> <span class='ocrx_word' id='word_1_428' title='bbox 342 2244 385 2251; x_wconf 88' lang='lat'>-</span> <span class='ocrx_word' id='word_1_429' title='bbox 476 2226 511 2258; x_wconf 89' lang='grc'>3.</span> <span class='ocrx_word' id='word_1_430' title='bbox 536 2225 726 2269; x_wconf 80' lang='lat' dir='ltr'>quidquid,</span> <span class='ocrx_word' id='word_1_431' title='bbox 751 2225 802 2270; x_wconf 83' lang='lat' dir='ltr'>gli</span> <span class='ocrx_word' id='word_1_432' title='bbox 826 2225 968 2259; x_wconf 75' lang='lat' dir='ltr'>esercizi</span> <span class='ocrx_word' id='word_1_433' title='bbox 993 2225 1085 2260; x_wconf 89' lang='lat' dir='ltr'>dello</span> <span class='ocrx_word' id='word_1_434' title='bbox 1109 2227 1276 2269; x_wconf 82' lang='lat' dir='ltr'>scribere,</span> <span class='ocrx_word' id='word_1_435' title='bbox 1300 2226 1356 2260; x_wconf 90' lang='lat' dir='ltr'>del</span> <span class='ocrx_word' id='word_1_436' title='bbox 1382 2227 1501 2269; x_wconf 68' lang='lat' dir='ltr'>leqere</span> <span class='ocrx_word' id='word_1_437' title='bbox 1524 2238 1542 2261; x_wconf 89' lang='lat' dir='ltr'>e</span> <span class='ocrx_word' id='word_1_438' title='bbox 1564 2227 1619 2261; x_wconf 89' lang='lat' dir='ltr'>del</span> 
     </span>
     <span class='ocr_line' id='line_1_42' title="bbox 153 2269 1620 2315; baseline 0.001 -12"><span class='ocrx_word' id='word_1_439' title='bbox 153 2270 283 2303; x_wconf 81' lang='lat' dir='ltr'>dicere.</span> <span class='ocrx_word' id='word_1_440' title='bbox 308 2289 351 2296; x_wconf 98' lang='lat'><strong>—</strong></span> <span class='ocrx_word' id='word_1_441' title='bbox 374 2272 552 2313; x_wconf 77' lang='lat' dir='ltr'>protinus,</span> <span class='ocrx_word' id='word_1_442' title='bbox 578 2269 782 2304; x_wconf 74' lang='lat' dir='ltr'>‘senz&#39;altro</span> <span class='ocrx_word' id='word_1_443' title='bbox 798 2270 816 2308; x_wconf 73' lang='lat'>⁹,</span> <span class='ocrx_word' id='word_1_444' title='bbox 842 2271 978 2304; x_wconf 59' lang='lat' dir='ltr'>‘subito</span> <span class='ocrx_word' id='word_1_445' title='bbox 994 2271 1012 2305; x_wconf 84' lang='lat'>&#39;.</span> <span class='ocrx_word' id='word_1_446' title='bbox 1038 2270 1094 2304; x_wconf 87' lang='lat' dir='ltr'>nel</span> <span class='ocrx_word' id='word_1_447' title='bbox 1119 2270 1222 2315; x_wconf 85' lang='lat' dir='ltr'>quale</span> <span class='ocrx_word' id='word_1_448' title='bbox 1246 2271 1445 2315; x_wconf 81' lang='lat' dir='ltr'>significato</span> <span class='ocrx_word' id='word_1_449' title='bbox 1468 2272 1486 2305; x_wconf 79' lang='grc' dir='ltr'>ἐ</span> <span class='ocrx_word' id='word_1_450' title='bbox 1505 2271 1539 2305; x_wconf 85' lang='lat' dir='ltr'>di</span> <span class='ocrx_word' id='word_1_451' title='bbox 1559 2282 1620 2305; x_wconf 87' lang='lat' dir='ltr'>uso</span> 
     </span>
     <span class='ocr_line' id='line_1_43' title="bbox 154 2314 1621 2360; baseline 0.002 -13"><span class='ocrx_word' id='word_1_452' title='bbox 154 2315 335 2359; x_wconf 81' lang='lat' dir='ltr'>frequente</span> <span class='ocrx_word' id='word_1_453' title='bbox 361 2315 394 2348; x_wconf 92' lang='lat' dir='ltr'>in</span> <span class='ocrx_word' id='word_1_454' title='bbox 420 2314 638 2355; x_wconf 85' lang='lat' dir='ltr'>Quintiliano</span> <span class='ocrx_word' id='word_1_455' title='bbox 662 2326 681 2348; x_wconf 87' lang='lat' dir='ltr'>e</span> <span class='ocrx_word' id='word_1_456' title='bbox 706 2315 799 2359; x_wconf 85' lang='lat' dir='ltr'>negli</span> <span class='ocrx_word' id='word_1_457' title='bbox 825 2315 976 2349; x_wconf 82' lang='lat' dir='ltr'>scrittori</span> <span class='ocrx_word' id='word_1_458' title='bbox 1002 2315 1093 2349; x_wconf 87' lang='lat' dir='ltr'>della</span> <span class='ocrx_word' id='word_1_459' title='bbox 1120 2316 1258 2349; x_wconf 68' lang='lat' dir='ltr'>latinitir</span> <span class='ocrx_word' id='word_1_460' title='bbox 1277 2317 1475 2360; x_wconf 75' lang='lat' dir='ltr'>posteriore.</span> <span class='ocrx_word' id='word_1_461' title='bbox 1494 2335 1536 2342; x_wconf 93' lang='lat'><strong>—</strong></span> <span class='ocrx_word' id='word_1_462' title='bbox 1553 2318 1621 2357; x_wconf 80' lang='lat' dir='ltr'>(in)</span> 
     </span>
     <span class='ocr_line' id='line_1_44' title="bbox 153 2359 1620 2406; baseline 0.001 -13"><span class='ocrx_word' id='word_1_463' title='bbox 153 2359 364 2404; x_wconf 77' lang='lat' dir='ltr'>eloquendo.</span> <span class='ocrx_word' id='word_1_464' title='bbox 390 2362 453 2394; x_wconf 78' lang='lat' dir='ltr'>cfr.</span> <span class='ocrx_word' id='word_1_465' title='bbox 481 2359 569 2398; x_wconf 68' lang='lat' dir='ltr'>vul,</span> <span class='ocrx_word' id='word_1_466' title='bbox 591 2370 749 2403; x_wconf 77' lang='lat' dir='ltr'>prooem.</span> <span class='ocrx_word' id='word_1_467' title='bbox 778 2360 840 2394; x_wconf 82' lang='lat'>15:</span> <span class='ocrx_word' id='word_1_468' title='bbox 866 2361 1029 2405; x_wconf 83' lang='lat' dir='ltr'>eloqui...</span> <span class='ocrx_word' id='word_1_469' title='bbox 1055 2361 1120 2394; x_wconf 74' lang='lat' dir='ltr'>hoc</span> <span class='ocrx_word' id='word_1_470' title='bbox 1144 2367 1196 2395; x_wconf 78' lang='lat' dir='ltr'>esc</span> <span class='ocrx_word' id='word_1_471' title='bbox 1219 2363 1352 2400; x_wconf 79' lang='lat' dir='ltr'>omnia,</span> <span class='ocrx_word' id='word_1_472' title='bbox 1380 2373 1474 2406; x_wconf 80' lang='lat' dir='ltr'>quae</span> <span class='ocrx_word' id='word_1_473' title='bbox 1505 2368 1620 2395; x_wconf 78' lang='lat' dir='ltr'>mente</span> 
     </span>
     <span class='ocr_line' id='line_1_45' title="bbox 152 2405 1620 2450; baseline 0.002 -12"><span class='ocrx_word' id='word_1_474' title='bbox 152 2407 368 2448; x_wconf 83' lang='lat' dir='ltr'>conceperis.</span> <span class='ocrx_word' id='word_1_475' title='bbox 392 2415 560 2448; x_wconf 74' lang='lat' dir='ltr'>promere</span> <span class='ocrx_word' id='word_1_476' title='bbox 583 2412 691 2449; x_wconf 73' lang='lat' dir='ltr'>atque</span> <span class='ocrx_word' id='word_1_477' title='bbox 715 2405 763 2438; x_wconf 86' lang='lat' dir='ltr'>ad</span> <span class='ocrx_word' id='word_1_478' title='bbox 787 2405 975 2440; x_wconf 81' lang='lat' dir='ltr'>audientes</span> <span class='ocrx_word' id='word_1_479' title='bbox 995 2408 1175 2450; x_wconf 79' lang='lat' dir='ltr'>perferre.</span> <span class='ocrx_word' id='word_1_480' title='bbox 1201 2425 1241 2430; x_wconf 90' lang='lat'>—</span> <span class='ocrx_word' id='word_1_481' title='bbox 1267 2406 1400 2446; x_wconf 79' lang='lat' dir='ltr'>dicere,</span> <span class='ocrx_word' id='word_1_482' title='bbox 1424 2406 1567 2450; x_wconf 78' lang='lat' dir='ltr'>designa</span> <span class='ocrx_word' id='word_1_483' title='bbox 1588 2406 1620 2441; x_wconf 92' lang='lat' dir='ltr'>lo</span> 
     </span>
     <span class='ocr_line' id='line_1_46' title="bbox 153 2449 1619 2495; baseline 0.001 -12"><span class='ocrx_word' id='word_1_484' title='bbox 153 2459 259 2494; x_wconf 83' lang='lat' dir='ltr'>scopo</span> <span class='ocrx_word' id='word_1_485' title='bbox 283 2449 442 2483; x_wconf 79' lang='lat' dir='ltr'>dell&#39;arte</span> <span class='ocrx_word' id='word_1_486' title='bbox 466 2450 628 2489; x_wconf 82' lang='lat' dir='ltr'>oratoria,</span> <span class='ocrx_word' id='word_1_487' title='bbox 654 2450 717 2484; x_wconf 83' lang='lat' dir='ltr'>che</span> <span class='ocrx_word' id='word_1_488' title='bbox 742 2450 770 2483; x_wconf 87' lang='lat' dir='ltr'>si</span> <span class='ocrx_word' id='word_1_489' title='bbox 796 2451 991 2495; x_wconf 70' lang='lat' dir='ltr'>raggiunge</span> <span class='ocrx_word' id='word_1_490' title='bbox 1015 2462 1078 2485; x_wconf 90' lang='lat' dir='ltr'>con</span> <span class='ocrx_word' id='word_1_491' title='bbox 1107 2451 1115 2483; x_wconf 94' lang='lat' dir='ltr'>i</span> <span class='ocrx_word' id='word_1_492' title='bbox 1141 2451 1207 2484; x_wconf 86' lang='lat' dir='ltr'>due</span> <span class='ocrx_word' id='word_1_493' title='bbox 1233 2451 1338 2484; x_wconf 79' lang='lat' dir='ltr'>mezzi</span> <span class='ocrx_word' id='word_1_494' title='bbox 1358 2451 1501 2485; x_wconf 81' lang='lat' dir='ltr'>indicati</span> <span class='ocrx_word' id='word_1_495' title='bbox 1520 2451 1619 2495; x_wconf 85' lang='lat' dir='ltr'>dopo,</span> 
     </span>
     <span class='ocr_line' id='line_1_47' title="bbox 154 2493 1619 2537; baseline 0.001 -9"><span class='ocrx_word' id='word_1_496' title='bbox 154 2493 187 2528; x_wconf 87' lang='grc'>13</span> <span class='ocrx_word' id='word_1_497' title='bbox 214 2496 367 2528; x_wconf 75' lang='lat' dir='ltr'>imitatio</span> <span class='ocrx_word' id='word_1_498' title='bbox 391 2506 410 2528; x_wconf 85' lang='lat' dir='ltr'>e</span> <span class='ocrx_word' id='word_1_499' title='bbox 435 2494 467 2527; x_wconf 79' lang='lat' dir='ltr'>la</span> <span class='ocrx_word' id='word_1_500' title='bbox 493 2495 674 2528; x_wconf 75' lang='lat' dir='ltr'>scribendi</span> <span class='ocrx_word' id='word_1_501' title='bbox 697 2495 900 2537; x_wconf 56' lang='lat' dir='ltr'>diliqentia.</span> <span class='ocrx_word' id='word_1_502' title='bbox 927 2516 966 2521; x_wconf 91' lang='lat'>—</span> <span class='ocrx_word' id='word_1_503' title='bbox 991 2502 1075 2529; x_wconf 77' lang='lat' dir='ltr'>ante</span> <span class='ocrx_word' id='word_1_504' title='bbox 1099 2498 1232 2533; x_wconf 81' lang='lat' dir='ltr'>omnia,</span> <span class='ocrx_word' id='word_1_505' title='bbox 1260 2496 1436 2530; x_wconf 83' lang='lat' dir='ltr'>loeuzione</span> <span class='ocrx_word' id='word_1_506' title='bbox 1455 2507 1522 2530; x_wconf 86' lang='lat' dir='ltr'>non</span> <span class='ocrx_word' id='word_1_507' title='bbox 1542 2507 1619 2530; x_wconf 82' lang='lat' dir='ltr'>rara</span> 
     </span>
     <span class='ocr_line' id='line_1_48' title="bbox 151 2538 1620 2584; baseline 0.002 -12"><span class='ocrx_word' id='word_1_508' title='bbox 151 2538 188 2572; x_wconf 83' lang='lat' dir='ltr'>in</span> <span class='ocrx_word' id='word_1_509' title='bbox 213 2538 431 2580; x_wconf 80' lang='lat' dir='ltr'>Quintiliano</span> <span class='ocrx_word' id='word_1_510' title='bbox 457 2539 547 2572; x_wconf 79' lang='lat' dir='ltr'>nelle</span> <span class='ocrx_word' id='word_1_511' title='bbox 572 2540 846 2575; x_wconf 64' lang='lat' dir='ltr'>enumerationi:</span> <span class='ocrx_word' id='word_1_512' title='bbox 883 2541 944 2574; x_wconf 83' lang='lat' dir='ltr'>cfr.</span> <span class='ocrx_word' id='word_1_513' title='bbox 969 2542 1000 2579; x_wconf 78' lang='grc'>’2,</span> <span class='ocrx_word' id='word_1_514' title='bbox 1025 2541 1062 2578; x_wconf 84' lang='grc'>4;</span> <span class='ocrx_word' id='word_1_515' title='bbox 1086 2541 1118 2579; x_wconf 87' lang='grc'>7,</span> <span class='ocrx_word' id='word_1_516' title='bbox 1142 2541 1173 2573; x_wconf 81' lang='grc'>6.</span> <span class='ocrx_word' id='word_1_517' title='bbox 1200 2543 1287 2584; x_wconf 77' lang='lat' dir='ltr'>App.</span> <span class='ocrx_word' id='word_1_518' title='bbox 1314 2541 1390 2574; x_wconf 81' lang='lat' dir='ltr'>crit.</span> <span class='ocrx_word' id='word_1_519' title='bbox 1423 2561 1465 2567; x_wconf 90' lang='lat'>-·</span> <span class='ocrx_word' id='word_1_520' title='bbox 1501 2541 1620 2575; x_wconf 77' lang='lat' dir='ltr'>hinc...</span> 
     </span>
     <span class='ocr_line' id='line_1_49' title="bbox 152 2584 1621 2629; baseline 0.002 -13"><span class='ocrx_word' id='word_1_521' title='bbox 152 2585 387 2626; x_wconf 76' lang='lat' dir='ltr'>manifestum</span> <span class='ocrx_word' id='word_1_522' title='bbox 413 2591 474 2621; x_wconf 74' lang='lat' dir='ltr'>est,</span> <span class='ocrx_word' id='word_1_523' title='bbox 500 2584 554 2617; x_wconf 67' lang='lat' dir='ltr'>cio</span> <span class='ocrx_word' id='word_1_524' title='bbox 578 2584 596 2618; x_wconf 74' lang='grc' dir='ltr'>ἐ</span> <span class='ocrx_word' id='word_1_525' title='bbox 623 2596 713 2623; x_wconf 86' lang='lat' dir='ltr'>vero,</span> <span class='ocrx_word' id='word_1_526' title='bbox 738 2585 876 2629; x_wconf 83' lang='lat' dir='ltr'>quando</span> <span class='ocrx_word' id='word_1_527' title='bbox 902 2585 929 2618; x_wconf 76' lang='lat' dir='ltr'>si</span> <span class='ocrx_word' id='word_1_528' title='bbox 955 2585 1126 2620; x_wconf 72' lang='lat' dir='ltr'>consideri</span> <span class='ocrx_word' id='word_1_529' title='bbox 1146 2585 1231 2618; x_wconf 83' lang='lat' dir='ltr'>l&#39;ars</span> <span class='ocrx_word' id='word_1_530' title='bbox 1247 2586 1392 2619; x_wconf 75' lang='lat' dir='ltr'>(licendi</span> <span class='ocrx_word' id='word_1_531' title='bbox 1408 2588 1497 2628; x_wconf 78' lang='lat' dir='ltr'>(eins</span> <span class='ocrx_word' id='word_1_532' title='bbox 1514 2587 1621 2628; x_wconf 82' lang='lat' dir='ltr'>artis)</span> 
     </span>
     <span class='ocr_line' id='line_1_50' title="bbox 150 2628 1620 2675; baseline 0.001 -11"><span class='ocrx_word' id='word_1_533' title='bbox 150 2628 344 2665; x_wconf 79' lang='lat' dir='ltr'>solamente</span> <span class='ocrx_word' id='word_1_534' title='bbox 368 2639 465 2664; x_wconf 83' lang='lat' dir='ltr'>come</span> <span class='ocrx_word' id='word_1_535' title='bbox 492 2629 618 2664; x_wconf 58' lang='lat' dir='ltr'>facona</span> <span class='ocrx_word' id='word_1_536' title='bbox 647 2630 818 2671; x_wconf 84' lang='lat' dir='ltr'>naturale,</span> <span class='ocrx_word' id='word_1_537' title='bbox 841 2641 909 2664; x_wconf 92' lang='lat' dir='ltr'>non</span> <span class='ocrx_word' id='word_1_538' title='bbox 935 2641 1062 2665; x_wconf 82' lang='lat' dir='ltr'>ancora</span> <span class='ocrx_word' id='word_1_539' title='bbox 1088 2631 1266 2665; x_wconf 81' lang='lat' dir='ltr'>diventata</span> <span class='ocrx_word' id='word_1_540' title='bbox 1291 2636 1377 2670; x_wconf 82' lang='lat' dir='ltr'>arte.</span> <span class='ocrx_word' id='word_1_541' title='bbox 1401 2631 1518 2675; x_wconf 87' lang='lat' dir='ltr'>voglio</span> <span class='ocrx_word' id='word_1_542' title='bbox 1546 2631 1620 2665; x_wconf 77' lang='lat' dir='ltr'>dii-e</span> 
     </span>
    </p>
   </div>
  </div>
 </body>
</html>
