1887 2901
303 105 379 142 106
823 89 954 142 cnem-
983 115 1056 142 v11.
1090 106 1110 152 g
1138 104 1243 142 6—8

300 191 447 242 partes,
478 191 551 231 aut
596 188 879 242 quaestionum
923 188 1105 230 ordinem
1136 190 1243 231 recte
1272 189 1494 244 disponere,
1526 202 1777 243 quamquam

299 255 380 295 ista
409 257 504 296 sunt
534 255 763 308 praecipua,
795 253 862 294 sed
893 252 993 306 quid
1024 266 1183 306 quoque
1217 253 1304 296 loco
1345 255 1526 308 primum
1557 256 1612 296 sit
1640 268 1687 297 ac
1717 268 1777 297 se-

300 319 479 360 cundum
510 321 550 360 et
580 318 794 371 deinceps:
827 330 930 371 quae
950 317 1010 359 ita
1030 319 1126 359 sunt
1146 318 1292 359 natura
1321 319 1523 372 copulata,
1554 321 1602 360 ut
1622 320 1776 361 mutari

254 393 276 427 6
301 385 373 424 aut
400 383 603 425 intervelli
636 383 721 424 sine
751 382 982 424 confusione
1012 395 1088 424 non
1121 382 1286 436 possint.
1319 381 1514 437 Quisquis
1545 385 1684 425 autem
1712 384 1778 426 via

300 447 420 498 dicet,
451 448 622 489 ducetur
652 449 744 488 ante
775 447 910 488 omnia
937 459 1072 488 rerum
1094 447 1183 500 ipsa
1204 447 1306 488 serie
1335 447 1449 489 velut
1478 447 1593 498 duce,
1614 450 1778 502 propter

299 511 405 565 quod
448 512 631 553 homines
675 511 800 553 etiam
844 511 999 552 modice
1044 511 1253 552 exercitati
1293 510 1490 554 facillime
1520 514 1701 554 tenorem
1735 513 1776 555 in

299 576 598 618 narrationibus
620 578 792 617 servant.
817 575 971 618 Deinde
993 576 1093 629 quid
1113 588 1274 629 quoque
1295 576 1381 617 loco
1397 579 1596 630 quaerant
1635 578 1778 629 scient,

299 654 371 682 nec
401 641 799 694 circumspectabunt
828 653 900 682 nec
931 640 1191 682 offerentibus
1221 654 1261 682 se
1293 640 1460 682 aliunde
1480 643 1664 684 sensibus
1694 644 1777 684 tur·

300 707 505 748 habuntur
535 719 605 747 nec
637 706 883 747 confundent
917 719 963 747 ex
996 705 1166 747 diversis
1188 705 1411 747 orationem
1443 706 1556 748 velut
1586 707 1778 749 salientes

299 771 378 812 huc
407 770 509 812 illuc
540 783 611 812 nec
642 783 815 823 usquam
847 770 1090 812 insistentes.
1125 770 1331 812 Postremo
1372 770 1582 812 habebunt
1611 771 1776 813 modum

298 835 339 876 et
368 834 502 884 finem,
534 836 603 888 qui
635 847 718 876 esse
741 836 845 876 citra.
874 835 1114 877 divisionem
1145 834 1286 876 nullus
1318 836 1461 888 potest.
1493 835 1677 889 Expletis
1707 849 1778 890 pro

299 899 494 941 facultate
516 900 716 950 omnibus,
740 913 842 953 quae
864 901 1156 954 proposuerint,
1179 901 1405 954 pervenisse
1428 912 1469 942 se
1500 900 1550 942 ad
1582 900 1777 943 ultimum

298 965 484 1006 sentient.

354 1029 406 1070 Et
435 1030 535 1071 haec
566 1029 730 1082 quidem
761 1042 806 1071 ex
837 1031 936 1080 arte,
959 1030 1033 1070 illa
1064 1041 1154 1071 vero
1185 1042 1230 1070 ex
1262 1029 1416 1071 studio:
1447 1030 1496 1071 ut
1523 1029 1681 1083 copiam
1703 1043 1778 1072 ser-

297 1095 427 1136 monis
457 1095 616 1148 optimi‚
642 1108 762 1148 quem
808 1095 858 1136 ad
890 1095 1055 1136 modum
1087 1097 1346 1148 praeceptum
1378 1096 1452 1145 est,
1483 1107 1777 1149 comparemus,

298 1159 429 1200 multo
450 1172 496 1201 ac
517 1159 627 1201 fideli
650 1160 744 1202 stilo
766 1160 823 1201 sic
845 1160 1042 1202 formetur
1072 1160 1219 1209 oratio,
1252 1161 1298 1200 ut
1327 1160 1570 1213 scriptorum
1605 1160 1778 1202 colorem

297 1224 422 1265 etiam
459 1237 560 1277 quae
607 1226 740 1267 subito
784 1225 911 1267 effusa
955 1226 1038 1266 sint
1085 1224 1266 1274 reddant,
1299 1226 1357 1274 ut,
1388 1237 1480 1266 cum
1523 1224 1656 1266 multa
1686 1226 1780 1266 scri-

251 1303 272 1336 8
296 1290 509 1343 pserimus,
541 1291 665 1332 etiam
697 1291 829 1332 multa
855 1290 1051 1332 dicamus.
1076 1290 1180 1331 Nam
1207 1289 1453 1331 consuetudo
1473 1292 1514 1331 et
1544 1289 1779 1332 exercitatio

297 1451 339 1456 —
365 1434 620 1476 quaestionum
691 1433 892 1476 disponere,
919 1432 980 1466 cfr.
1012 1431 1086 1472 Vll,
1118 1431 1170 1471 10,
1197 1431 1233 1466 5;
1270 1433 1431 1475 quaestio
1466 1431 1584 1464 omnis
1613 1442 1656 1465 ac
1681 1431 1780 1465 locus

297 1477 404 1511 habet
427 1488 535 1511 suam
560 1478 839 1521 dispositionem.
872 1478 1104 1514 Quaestiones
1135 1487 1220 1510 sono
1242 1476 1277 1509 ‘i
1296 1477 1397 1521 punti
1421 1475 1636 1521 principali'.
1650 1495 1693 1502 —
1716 1477 1780 1510 sed

298 1523 388 1567 quid
445 1523 623 1566 deinceps,
637 1522 656 1556 e
670 1523 763 1557 detto
776 1523 1028 1567 specialniente
1041 1521 1246 1556 dell'ordine
1258 1521 1362 1559 reale,
1371 1522 1407 1555 in
1419 1521 1476 1555 cui
1493 1521 1652 1556 debbono
1664 1532 1781 1556 suece-

298 1567 389 1601 dersi
416 1568 448 1602 le
472 1567 549 1602 idee
573 1568 667 1602 nella
692 1569 899 1602 trattazione
924 1567 1015 1601 della
1041 1578 1158 1607 causa,
1183 1567 1303 1601 ordine
1328 1569 1393 1601 che
1419 1577 1636 1611 presuppone
1660 1566 1779 1611 quello

298 1613 446 1652 tecnico,
471 1618 664 1647 accennato
689 1612 801 1657 prima
826 1615 936 1656 (recte
971 1613 1186 1656 disponere).
1225 1632 1266 1636 —
1303 1613 1375 1650 sed,
1411 1612 1612 1645 sottinteso:
1639 1618 1780 1655 oportet

298 1669 371 1692 non
397 1659 570 1702 iynorare
593 1659 699 1702 (quid
723 1669 865 1703 quoque
883 1658 958 1692 loco
973 1659 1027 1701 ...).
1042 1677 1085 1683 —
1094 1659 1263 1702 primum
1329 1659 1506 1701 deinceps,
1531 1656 1602 1691 cosi
1624 1657 1697 1696 Vll,
1725 1656 1775 1695 10,

298 1704 336 1737 5:
413 1709 446 1736 et
471 1705 509 1737 in
529 1705 716 1747 prooemio
739 1706 905 1747 primum
930 1709 983 1737 est
1005 1703 1150 1747 aliquid
1173 1709 1207 1736 et
1222 1704 1426 1736 secundum
1438 1713 1482 1736 ac
1491 1702 1668 1746 deinceps.
1687 1703 1778 1780 App.

299 1748 376 1782 crit.
388 1768 431 1774 —
444 1749 641 1788 intervelli,
659 1753 668 1767 ⁶
679 1749 806 1793 togliei·
820 1748 877 1782 via
893 1749 911 1789 ',
926 1748 1185 1793 propriamente
1204 1752 1413 1793 «strappare
1427 1747 1471 1780 da
1480 1758 1510 1782 ›>:
1525 1746 1673 1792 eparola
1686 1747 1740 1780 del
1759 1758 1779 1780 a

300 1793 440 1827 latinita
458 1794 661 1838 posteriore.
679 1814 722 1819 —
739 1795 775 1828 6.
802 1796 872 1833 via,
900 1798 998 1828 usato
1015 1792 1315 1827 avverhialmente
1330 1793 1386 1827 nel
1404 1803 1506 1826 senso
1523 1791 1556 1825 di
1584 1804 1604 1824 «
1617 1791 1778 1830 orditum

299 1839 361 1873 cfr.
381 1838 422 1878 11,
438 1838 490 1879 17,
504 1839 562 1874 41:
582 1843 691 1879 viam,
717 1841 756 1872 id
780 1846 832 1873 est
855 1840 1032 1873 ordinem.
1060 1859 1099 1865 -
1118 1839 1222 1882 dicet,
1235 1839 1401 1873 ducetur.
1415 1840 1503 1882 App.
1520 1837 1598 1871 crit.
1623 1856 1667 1863 —
1695 1844 1780 1871 ante

299 1886 436 1922 omnia,
460 1896 492 1918 v.
514 1885 543 1925 1,
560 1885 581 1918 3
598 1896 630 1918 n.
647 1904 688 1910 —
702 1895 842 1924 rerum,
861 1890 869 1903 ‘
882 1884 1034 1929 pensieri
1049 1883 1067 1917 ‘.
1087 1904 1127 1908 -
1142 1885 1244 1922 duce,
1262 1884 1298 1916 in
1312 1883 1602 1927 corrispondenza
1616 1882 1650 1916 al
1665 1893 1779 1927 prece-

299 1929 402 1963 dente
420 1930 587 1964 ducetur.
607 1950 649 1953 —
661 1936 816 1974 propter
841 1930 950 1975 quod,
964 1941 995 1963 v,
1013 1930 1044 1970 1,
1063 1929 1105 1962 10
1119 1940 1151 1962 n.
1178 1950 1217 1954 —
1242 1927 1446 1967 exercitati,
1470 1927 1653 1966 s'intende,
1670 1939 1690 1961 a
1704 1938 1778 1972 par-

300 1975 386 2008 lare.
400 1994 442 1999 ——
462 1981 624 2009 tenorem
689 1982 847 2014 servant,
861 1976 879 2009 e
893 1976 918 2008 il
938 1979 1055 2009 nostro
1082 1987 1099 2006 «
1113 1984 1322 2008 conservare
1347 1974 1372 2007 il
1386 1973 1479 2007 filo...
1491 1986 1509 2005 >›
1525 1973 1620 2007 detto
1638 1973 1781 2007 metato-

300 2021 504 2054 ricamente.
532 2041 571 2045 —
597 2023 719 2059 scient,
734 2020 820 2054 l‘uso
834 2020 890 2054 del
905 2020 1041 2065 plurale
1064 2031 1130 2054 con
1155 2019 1525 2064 quisquisespiegato
1549 2018 1593 2052 da
1617 2018 1781 2052 homines

300 2066 514 2110 intel-post03
534 2066 588 2100 del
608 2070 699 2099 resto
718 2068 885 2111 quisquis
903 2067 921 2100 ὲ
939 2065 1130 2100 collettivo.
1149 2084 1192 2090 —
1208 2066 1382 2103 sensibus,
1401 2076 1431 2097 v.
1450 2064 1482 2103 3,
1499 2063 1542 2097 33
1559 2074 1592 2097 n.
1606 2082 1650 2088 —
1665 2074 1711 2097 ex
1728 2063 1780 2097 di-

300 2114 424 2151 versis,
442 2117 451 2130 ‘
465 2122 529 2145 con
549 2111 715 2145 elementi
740 2111 941 2155 eterogenei
957 2111 975 2144 '.
1001 2130 1043 2136 —
1128 2112 1162 2145 7.
1187 2112 1294 2149 citra,
1311 2122 1342 2144 v.
1363 2110 1392 2149 1,
1408 2109 1430 2142 2
1449 2120 1479 2142 n.
1497 2129 1533 2133 —
1552 2109 1780 2142 divisionem.

301 2168 307 2175 ·
323 2156 572 2191 distribuzione
587 2156 606 2195 ⁸,
624 2156 657 2190 in
684 2156 860 2200 generale.
875 2176 916 2182 —
930 2156 1083 2201 expletis
1143 2157 1417 2200 proposuerint,
1430 2164 1636 2198 proponere
1653 2154 1780 2188 assolu-

301 2206 468 2242 tamente,
482 2213 585 2236 senza
599 2201 728 2241 dativo,
742 2202 919 2246 significa:
936 2201 1151 2241 «addurre»;
1165 2201 1325 2235 cosicche
1339 2200 1491 2244 eaepletis
1505 2199 1564 2244 qui
1581 2199 1624 2232 ha
1639 2198 1663 2232 il
1677 2198 1782 2243 signi-

301 2248 426 2281 ficato:
446 2252 455 2265 ‘
469 2248 558 2292 dopo
575 2258 659 2281 aver
685 2247 871 2281 terminato
901 2247 935 2280 di
963 2251 1110 2281 tratta1·e
1124 2246 1142 2279 ⁸.
1168 2246 1239 2281 Cfr.
1254 2246 1296 2286 V,
1316 2245 1370 2285 10,
1397 2244 1480 2278 109:
1513 2255 1578 2278 nec
1596 2245 1718 2278 minus
1743 2245 1781 2277 in

302 2292 367 2326 hoc
391 2304 504 2327 curae
521 2293 623 2327 debet
647 2292 826 2332 adhiberi,
852 2293 943 2337 quid
961 2292 1259 2336 proponendum,
1283 2303 1395 2336 quam
1426 2290 1605 2335 quomodo
1622 2291 1669 2323 sit
1685 2289 1782 2334 quod

299 2340 535 2382 proposueris
547 2338 848 2382 probandum—
872 2344 952 2372 arte
1017 2338 1149 2374 studio,
1167 2343 1247 2371 arte
1272 2339 1317 2379 (v.
1333 2340 1355 2378 ἓ
1371 2334 1429 2377 24)
1447 2335 1593 2379 designa
1611 2333 1643 2368 la
1662 2334 1782 2372 teoria,

301 2385 422 2417 studio
447 2383 496 2428 gli
522 2383 666 2417 esercizi
692 2382 874 2423 letterarii,
900 2383 924 2416 il
953 2384 1080 2426 leym-e,
1107 2382 1138 2416 lo
1164 2383 1333 2421 ¹scribere,
1357 2381 1382 2414 il
1406 2381 1592 2414 dicere.-—
1609 2390 1715 2425 quem
1733 2379 1782 2412 ad

302 2429 463 2467 modum,
490 2429 525 2462 in
553 2433 642 2463 tutto
657 2432 781 2473 questo
796 2428 883 2462 libro
902 2428 947 2461 X.
966 2429 1131 2472 —fidel1'.
1150 2437 1157 2446 ⁸
1170 2429 1257 2461 fatto
1274 2438 1340 2461 con
1365 2426 1476 2460 cura’.
1496 2428 1782 2469 —scriptorum.

303 2474 321 2507 e
348 2479 488 2511 neutro:
514 2485 575 2518 per
599 2477 819 2518 scriptorum
846 2474 1002 2507 colorem
1039 2474 1102 2508 cfr.
1137 2473 1170 2516 6,
1202 2473 1238 2506 5:
1265 2471 1525 2516 eoetemporalis
1548 2469 1657 2509 color,
1681 2481 1700 2503 a
1725 2469 1782 2503 cui

302 2519 332 2552 si
357 2524 613 2564 contrappone:
639 2531 671 2552 v.
697 2524 777 2553 nota
804 2519 862 2551 ivi.
889 2538 931 2544 —
956 2520 1084 2563 effusa,
1109 2523 1259 2553 ‘venute
1273 2517 1364 2551 fuori
1379 2517 1398 2555 ’ς
1423 2517 1486 2550 cfr.
1503 2515 1535 2555 3,
1562 2514 1623 2548 17:
1648 2525 1785 2559 compo-

302 2571 399 2598 nunt
422 2576 517 2609 quac
541 2565 759 2610 effuderant.
786 2583 828 2589 —
856 2571 903 2603 nt,
929 2575 1011 2598 cum
1104 2575 1151 2597 un
1176 2568 1336 2598 concetto
1360 2562 1511 2606 analogo
1536 2560 1626 2595 tvovi
1655 2560 1682 2599 1,
1706 2559 1784 2612 3-4ἶ

349 2611 387 2645 8.
415 2611 637 2645 consuetudo
661 2616 694 2644 et
712 2611 935 2650 emet-citatio,
959 2609 1099 2644 endiadi
1113 2626 1156 2638 =
1170 2609 1391 2644 consuetudo
1408 2608 1732 2647 exercitationum5
1755 2617 1785 2640 sn
