1887 2901
636 121 767 148 CAPUT
796 121 867 147 vn.
898 111 919 156 ἓ
947 108 1103 146 ‘25-27
1539 94 1612 133 113

133 200 194 242 est
224 198 332 240 enim
362 196 411 237 ut
441 195 539 235 satis<
570 207 610 236 se
643 195 816 248 quisque
836 195 1032 236 vereatur.
1058 192 1131 234 Vel
1154 191 1228 234 soli
1262 193 1396 232 tamen
1427 191 1610 232 dicamus

133 265 271 318 potius
301 273 423 315 quam
454 271 528 300 non
561 261 723 300 omnino
752 258 948 300 dicamus.
990 257 1063 298 Est
1108 257 1191 297 alia
1231 256 1464 298 exercitatio
1508 256 1609 309 cogi-
1634 268 1678 302 25

134 328 249 371 tandi
278 328 463 379 totasque
493 326 686 366 materias
730 324 794 366 vel
838 323 1000 364 silentio
1041 323 1154 375 (dum
1189 324 1323 363 tamen
1355 321 1471 375 quasi
1502 321 1611 362 dicat

134 395 245 435 intra
287 404 328 434 se
370 391 523 444 ipsum)
568 388 846 444 persequendi,
879 400 981 441 quae
1027 387 1141 428 nullo
1186 400 1262 429 non
1294 389 1334 428 et
1363 389 1541 439 tempore
1571 387 1613 427 et

134 458 234 506 loco,
263 455 423 509 quando
455 466 530 495 non
552 453 665 495 aliud
687 453 859 508 agimuS,
882 452 1074 505 explicari
1106 453 1250 505 potest,
1273 452 1311 492 et
1343 453 1404 492 est
1434 451 1475 491 in
1498 452 1610 503 parte

133 521 276 563 utilior
306 531 427 573 quam
460 520 557 560 haec
588 518 787 572 proxima,
818 517 1059 571 diligentius
1080 517 1189 558 enim
1211 516 1466 569 componitur
1488 527 1608 568 quam
1635 522 1678 555 26

133 585 221 635 illa,
251 585 293 625 in
325 596 406 636 qua
436 584 665 624 contextum
705 580 863 622 dicendi
905 581 1176 622 intermittere
1217 592 1413 621 veremur.
1456 579 1611 620 Rursus

132 649 176 690 in
207 648 290 690 alia
318 647 411 702 plus
442 647 549 701 prior
578 646 749 693 confert,
791 645 899 696 voois
945 645 1194 692 firmitatem,
1240 644 1320 685 oris
1356 643 1610 693 facilitatem,

134 714 291 754 motum
322 712 510 765 corporis,
541 710 611 764 qui
643 713 683 751 et
713 710 811 763 ipse,
845 711 890 750 ut
930 709 1025 757 dixi,
1058 709 1206 750 excitat
1246 710 1440 749 orat-orem
1487 710 1528 749 et
1557 707 1611 748 ia-

133 776 307 818 ctationi>
340 788 493 824 manus,
519 773 631 828 pedis
661 774 932 827 supplosione,
954 774 1061 814 sicut
1091 773 1218 814 cauda
1239 773 1372 814 leones
1400 772 1529 814 facere
1549 771 1610 812 di-

133 843 294 882 cuntur.
327 840 522 880 hortatur.
570 837 825 879 Studendum
867 850 957 879 vero
1003 850 1159 891 semper
1190 839 1230 879 et
1260 838 1423 890 ubique.
1470 836 1610 889 Neque
1635 846 1678 879 27

131 905 242 947 enim
275 904 353 946 fere
382 905 467 944 tam
498 903 560 944 est
591 901 700 943 ullus
731 901 815 944 dies
846 904 1078 956 occupatus,
1112 904 1158 942 ut
1182 901 1286 942 nihil
1308 901 1542 950 lucrativae,
1567 902 1611 941 ut

137 1033 175 1064 in
198 1031 280 1073 foro
303 1041 447 1067 rarum,
474 1035 514 1062 nt
528 1030 577 1063 sit
594 1029 745 1063 idoneus
761 1041 850 1063 suae
868 1031 921 1063 rei
937 1031 1089 1074 quisque
1107 1030 1285 1073 defensor.
1303 1048 1346 1054 —
1363 1040 1434 1062 non
1452 1030 1609 1068 omnino,

137 1077 208 1109 cosi
226 1075 263 1108 in
279 1085 384 1119 greco
400 1077 444 1109 οὺ
462 1076 567 1109 πάνυ,
592 1094 621 1098 -
639 1075 702 1108 25.
717 1081 768 1108 est
785 1075 876 1114 alia,
890 1077 978 1118 App.
998 1075 1074 1107 crit.
1092 1095 1133 1097 w
1148 1074 1343 1118 coyitanclz}
1357 1074 1609 1118 persequendi.

136 1120 285 1164 genitivi
309 1119 539 1164 epesegetici:
565 1125 716 1163 tongeno
734 1119 837 1163 luogo
862 1120 894 1151 di
920 1120 987 1153 due
1011 1119 1205 1157 sostantivi,
1223 1131 1279 1152 ma
1303 1119 1449 1163 bisogna
1464 1117 1608 1152 tradurli

137 1175 202 1199 con
227 1165 294 1198 due
319 1164 447 1197 infiniti
473 1165 728 1197 §ostantivanti
756 1184 797 1189 —
823 1170 984 1209 totasque
1015 1165 1186 1198 materias
1206 1164 1514 1207 .⁴.persequendi‚
1545 1164 1608 1197 cfr.

135 1210 168 1248 5,
192 1208 252 1243 21:
277 1220 345 1253 per
371 1215 460 1243 totas
486 1211 539 1242 ire
565 1212 746 1242 materias.
773 1228 815 1234 —-
839 1210 928 1242 (lum
955 1216 1120 1249 tamen...⁷
1154 1209 1288 1242 riferito
1312 1208 1557 1242 direttamente
1589 1220 1609 1241 a

136 1255 291 1288 silentio.
317 1273 356 1278 —
383 1255 490 1293 dicat,
507 1254 689 1287 sottinteso
707 1264 753 1286 un
770 1259 930 1298 soggetto
950 1253 1141 1298 personale,
1155 1265 1186 1297 p.
1202 1264 1249 1287 es.
1273 1260 1416 1289 orator:
1432 1254 1495 1288 cfr.
1523 1253 1551 1292 1,
1576 1253 1607 1285 7.

137 1317 181 1325 -—
203 1299 395 1343 eoeplicari,
420 1309 485 1332 con
511 1298 535 1331 il
571 1299 769 1342 significato
793 1299 826 1331 di
864 1311 881 1329 «
906 1299 1074 1343 eseguire,
1108 1304 1252 1332 mettere
1277 1299 1311 1331 in
1336 1309 1440 1342 opera
1459 1312 1545 1331 >›.—-
1570 1299 1609 1331 in

132 1350 252 1387 parte,
277 1343 348 1378 cosi
376 1345 406 1383 1,
430 1343 490 1377 88:
516 1345 555 1376 in
576 1344 765 1387 partibus,·
788 1342 955 1377 Cicerone
981 1355 1042 1376 usa
1066 1355 1112 1376 ex
1133 1349 1249 1387 parte,
1276 1354 1330 1376 ma
1361 1343 1419 1386 giu
1444 1343 1480 1376 in
1507 1343 1607 1376 Livio

137 1387 188 1422 δὲ
212 1388 325 1422 anche
350 1387 386 1421 Ia
410 1388 522 1421 forma
559 1390 596 1420 in
630 1394 748 1431 parte,
774 1388 956 1432 frequente
981 1388 1016 1421 in
1033 1388 1261 1429 Quintiliano.
1287 1407 1330 1413 —
1356 1388 1492 1427 utilior,
1519 1389 1606 1432 App.

136 1431 215 1466 crit.
231 1452 272 1458 —
291 1432 381 1466 haec
391 1433 577 1476 proxima,
594 1433 623 1465 si
641 1433 782 1477 riporta‚
801 1443 897 1466 come
922 1433 988 1465 illa
1013 1444 1032 1467 e
1053 1434 1159 1476 prior
1176 1433 1230 1466 del
1249 1436 1271 1473 ξ
1288 1444 1372 1477 seg,
1385 1444 1405 1466 a
1424 1439 1466 1465 ut
1480 1433 1609 1466 cotidie

136 1477 304 1511 dicamus
327 1478 561 1511 audientibus
579 1477 765 1521 pluribus.
790 1496 834 1503 —
903 1477 967 1512 26.
993 1480 1233 1521 componitur,
1250 1479 1273 1510 il
1298 1483 1459 1522 soggetto
1484 1489 1606 1522 gram-

137 1521 300 1557 niaticale
317 1522 336 1556 ὲ
351 1523 563 1556 exercitatio
575 1522 760 1565 coyitandi
778 1528 977 1566 totasque...
989 1524 1232 1567 persequendi
1246 1535 1252 1561 ς
1267 1522 1291 1555 il
1305 1527 1466 1567 soggetto
1482 1523 1607 1566 logico,

135 1569 253 1601 oratio
288 1579 399 1612 quam
423 1568 614 1610 coyitando
634 1568 937 1612 persequimur‚0
954 1570 1065 1601 tacita
1082 1568 1140 1611 (da
1158 1568 1305 1602 dedurre
1322 1568 1468 1601 dadum
1487 1573 1607 1601 tamen

135 1614 243 1658 quasi
265 1612 364 1646 dicat
387 1614 487 1645 intra
511 1623 547 1646 se
572 1614 705 1656 ipsum)
721 1614 847 1652 oratio,
872 1613 947 1646 cioe
972 1612 995 1645 il
1021 1613 1174 1647 discorso
1192 1612 1358 1647 meditato
1377 1613 1431 1646 nel
1451 1612 1605 1652 silenzio,

134 1667 155 1690 a
180 1657 238 1690 cui
261 1657 291 1690 si
316 1657 552 1701 con'trappone
589 1658 621 1690 la
648 1669 733 1691 vera
769 1658 894 1695 oratio,
919 1657 1101 1701 designata
1138 1668 1203 1691 eon
1243 1657 1320 1696 illa,
1345 1659 1383 1690 in
1409 1669 1527 1701 qua..
1543 1669 1605 1691 ve-

136 1710 275 1733 remur.
311 1719 355 1726 -
389 1701 468 1744 illa,
505 1703 596 1745 App.
636 1702 713 1734 crit.
741 1722 779 1725 —
816 1707 1024 1735 contextum
1061 1703 1228 1742 dicendi,
1260 1702 1321 1736 cfr.
1354 1706 1376 1740 ξ
1411 1703 1453 1735 13
1480 1713 1603 1747 sopra:

136 1745 314 1778 sermonis
338 1751 559 1779 contextum.
586 1765 629 1770 —
652 1756 833 1786 veremur,
858 1757 922 1780 con
948 1746 1121 1787 l'infinito,
1145 1758 1244 1782 come
1270 1748 1299 1787 1,
1326 1742 1404 1780 101:
1429 1758 1607 1791 opponere

138 1800 268 1823 verear
291 1792 337 1833 (v.
363 1794 443 1823 nota
469 1789 545 1833 ivi);
572 1790 630 1834 qui
664 1793 745 1835 pero
782 1790 815 1824 13
840 1791 983 1825 nozione
1007 1792 1061 1825 del
1088 1797 1218 1826 temere
1243 1793 1304 1832 c'e,
1330 1803 1391 1836 per
1414 1797 1544 1836 quanto
1570 1792 1606 1826 li-

137 1834 272 1868 mitata.
297 1854 340 1858 —
364 1845 507 1873 rursus,
532 1839 541 1853 ⁶
557 1834 682 1869 d'altra
707 1841 803 1880 parto
821 1834 840 1867 '.
865 1857 908 1860 —
932 1838 970 1869 in
994 1836 1103 1870 alia...
1128 1840 1280 1882 confert,
1309 1842 1390 1870 nota
1419 1837 1452 1870 la
1477 1842 1607 1871 costro-

137 1878 237 1913 zione
260 1879 401 1913 insolita
425 1879 460 1913 di
484 1882 650 1922 conferre
673 1880 729 1914 nel
748 1891 849 1914 senso
865 1881 927 1914 di«
941 1882 1084 1926 giovare
1102 1895 1142 1925 »3
1161 1882 1457 1916 ordinat-iumento
1470 1882 1489 1916 ὁ
1507 1886 1606 1916 usato

137 1923 190 1958 col
215 1923 344 1962 dativo,
369 1935 466 1958 come
493 1923 714 1967 1,{>7.63.71.
739 1925 793 1963 95.
818 1937 838 1960 o
856 1937 919 1959 con
932 1927 991 1965 acl,
1004 1937 1102 1961 come
1120 1926 1149 1967 1,
1176 1926 1204 1959 1.
1220 1948 1262 1952 —-
1277 1929 1505 1971 firmitatem,
1520 1929 1606 1971 faci-

138 1968 289 2009 litatem,
312 1976 463 2007 motum,
488 1969 521 2002 la
545 1970 783 2014 preposizione
815 1973 881 2013 (in,
905 1971 1049 2005 davanti
1074 1971 1116 2005 ad
1141 1972 1230 2013 alia)
1254 1971 1273 2006 ὲ
1300 1973 1441 2011 taciuta,
1478 1972 1605 2016 perche

136 2013 165 2046 si
192 2017 298 2048 tratta
322 2013 356 2046 di
384 2025 450 2047 una
476 2015 755 2053 enumerazione;
779 2016 843 2049 cfr.
868 2017 900 2055 2,
927 2016 968 2049 16
992 2027 1010 2050 e
1035 2028 1069 2050 n.
1094 2028 1114 2050 a
1133 2019 1281 2061 pressis,
1300 2017 1358 2051 ivi.
1377 2037 1419 2041 ——
1444 2018 1528 2055 oris,
1545 2018 1603 2061 qui

137 2058 156 2092 ὲ
182 2058 215 2092 13
239 2059 458 2103 ‘pronunzia'
474 2085 481 2092 .
508 2079 547 2083 —
565 2065 599 2093 et
624 2064 708 2102 ipse,
726 2071 757 2093 v.
774 2060 806 2104 5,
823 2061 866 2093 20
883 2072 902 2095 e
920 2072 951 2094 n.
966 2081 1009 2085 —
1028 2068 1068 2095 ut
1084 2062 1175 2101 dioei,
1199 2062 1231 2100 3,
1255 2062 1308 2095 21.
1334 2082 1376 2086 —
1396 2062 1501 2105 pedis
1525 2073 1606 2106 sup-

130 2102 307 2147 plosfflne,
331 2104 394 2138 cfr.
426 2103 485 2140 XI,
510 2105 540 2142 25,
568 2103 646 2137 128:
661 2105 766 2148 pedis
782 2107 964 2150 supplosio
1000 2112 1040 2139 nt
1071 2106 1145 2141 loco
1170 2113 1221 2141 est
1245 2113 1463 2151 opportuna,
1490 2113 1530 2139 ut
1553 2109 1606 2140 ait

139 2147 274 2192 Cicero,
288 2150 326 2182 in
340 2149 628 2182 contentionibus
640 2156 705 2183 aut
721 2152 936 2195 incipiendis
948 2157 1015 2184 aut
1024 2152 1210 2195 finiendis,
1227 2154 1276 2185 ita
1293 2153 1420 2186 crebra
1442 2157 1475 2185 et
1492 2154 1605 2195 inepti

135 2199 187 2226 est
203 2192 361 2227 hominis
378 2199 413 2228 et
435 2195 566 2227 desinit
599 2195 755 2228 indicem
780 2198 818 2229 in
843 2207 880 2230 se
895 2203 1112 2230 convertere.
1127 2199 1307 2230 ——sicut...
1325 2197 1515 2236 dicuntur,
1541 2197 1604 2230 cfr.

135 2235 212 2270 Om.
238 2237 282 2271 Il.
308 2237 391 2278 XX,
408 2238 471 2271 170
487 2250 537 2281 sg.
553 2250 559 2270 :
586 2241 679 2282 οὐρῇ
697 2241 736 2275 δὲ
752 2242 909 2284 πλευράς
926 2245 1031 2276 τεκαὶ
1050 2243 1145 2284 ἰσχία
1160 2243 1423 2285 ἀμφοτέρωθεν
1443 2242 1450 2285 Ι
1472 2244 1605 2283 μαστί-

135 2283 270 2317 εται.ἑὲ
285 2282 316 2316 δ’
334 2285 449 2318 αὐτὸν
473 2284 665 2326 ἐποτρύνει
692 2287 920 2326 μαχέσασθαι.
947 2285 1036 2319 Plin.
1063 2287 1108 2319 N.
1135 2286 1180 2319 H.
1204 2286 1309 2325 8,49:
1325 2287 1471 2320 leonum
1487 2289 1604 2320 anima

135 2326 249 2378 index
271 2327 448 2361 cauda...:
476 2331 669 2361 immota
690 2329 849 2372 placido,
873 2332 1029 2365 clemens
1054 2332 1306 2369 blandienti...;
1330 2333 1408 2365 eius
1444 2333 1482 2364 in
1502 2333 1604 2375 prin-

3 2412 6 2418 ἱ
135 2381 227 2414 capto
264 2377 363 2404 terra
398 2374 636 2411 verberatur,
672 2375 893 2409 incremento
933 2383 1034 2419 tesya
1070 2387 1135 2411 ceu
1175 2377 1335 2421 quodam
1373 2377 1604 2410 incitamento

0 2433 6 2449 ι
133 2415 384 2460 flayellantur.
408 2435 453 2443 —
475 2418 708 2458 studendum,
745 2431 775 2453 v.
802 2419 831 2460 1,
866 2421 910 2454 45
936 2433 966 2454 n.
1003 2432 1022 2454 3
1058 2423 1238 2455 studiosis.
1264 2440 1308 2447 —
1399 2421 1460 2455 27.
1487 2422 1605 2455 lucra·

0 2487 5 2495 ,
136 2462 263 2494 tinae...
288 2472 429 2505 operae,
455 2462 546 2496 forse
572 2463 627 2497 nel
653 2474 754 2498 senso
778 2465 810 2498 di
830 2477 960 2510 operae
972 2467 1171 2500 subsicivae
1188 2467 1265 2508 (cfr.
1284 2466 1309 2505 1,
1328 2466 1380 2505 12,
1398 2466 1453 2500 13:
1472 2467 1603 2511 quibus

0 2499 9 2552 ξ
128 2506 253 2546 potius
275 2506 407 2551 studiis
431 2506 518 2540 haec
543 2513 746 2552 temporum
767 2511 865 2544 velut
881 2512 1061 2545 subsiciva
1077 2510 1321 2545 donabimus?
1338 2511 1409 2545 Cic.
1438 2511 1483 2545 de
1502 2511 1602 2544 Orat.

0 2557 4 2566 ³
135 2547 174 2588 11,
198 2549 253 2599 β9,
275 2550 358 2601 3ᾷ4ε
383 2562 477 2601 quoe
500 2555 638 2602 czfrsim
662 2554 823 2598 adripui,
848 2567 942 2600 quae
965 2557 1154 2590 subsicivis
1183 2558 1312 2600 operis,
1338 2563 1379 2589 ut
1401 2557 1533 2597 aiunt),
1558 2556 1603 2588 la·

133 2603 209 2627 von
234 2594 313 2628 fatti
337 2606 394 2630 nei
419 2596 539 2640 ritagh
564 2597 598 2631 di
624 2602 751 2643 tempo,
775 2610 794 2634 e
818 2601 939 2645 quindi
965 2606 1070 2635 avuto
1108 2601 1271 2646 riguardo
1307 2601 1377 2635 alle
1412 2611 1481 2640 ore,
1507 2613 1524 2634 3
1551 2600 1603 2634 dir

204 2673 295 2698 ΒΔΙΠ.
318 2673 435 2700 Oufiffl.
459 2677 551 2700 lum.
572 2678 671 2700 ombu-
714 2679 734 2700 Ῐ,
765 2679 785 2701 Y
820 2681 847 2701 δι
867 2681 926 2701 mliv
1280 2696 1288 2699 -
1518 2681 1534 2696 Q
