1887 2901
711 156 835 184 :nur
863 157 888 183 r.
920 147 942 193 ξ
970 144 1128 184 31-32
1602 149 1651 187 15

233 230 415 273 Historia
445 242 603 284 quoque
648 230 754 273 alere
799 237 994 273 oratorem
1039 230 1212 284 quodam
1249 231 1361 273 uberi
1394 231 1650 286 iucundoque
1674 241 1714 275 31

177 309 271 338 suco
300 296 457 350 potest;
487 308 627 337 verum
660 298 700 337 et
742 296 829 349 ipsa
874 296 932 337 sio
976 297 1037 337 est
1067 295 1251 350 legenda,
1282 297 1330 338 ut
1359 297 1536 338 sciamus
1566 297 1650 351 ple-

176 373 320 414 rasque
362 359 450 402 eius
493 360 666 402 virtutes
696 360 842 401 oratori
884 372 968 402 esse
1000 359 1196 401 vitandas.
1228 361 1300 401 Est
1329 361 1436 402 enim
1468 362 1649 415 proxima

176 425 303 479 poetis
332 425 373 466 et
402 423 575 478 quodam
608 425 723 466 modo
753 437 912 466 carmen
944 424 1138 474 solutum,
1170 427 1210 466 et
1255 425 1449 467 scribitur
1484 426 1531 467 ad
1564 439 1648 467 nar-

176 488 360 538 randum,
390 500 467 530 non
498 487 547 529 ad
578 488 842 542 probandum,
874 490 1084 541 totumque
1115 501 1213 542 opus
1244 501 1318 531 non
1351 489 1400 530 ad
1432 491 1566 531 aetum
1591 491 1646 532 rei

175 565 433 607 pugnamque
450 555 714 606 praesentem,
736 553 802 594 sed
826 553 874 594 ad
898 552 1130 594 memoriam
1154 553 1402 606 posteritatis
1433 555 1471 595 et
1493 555 1646 609 ingenii

174 617 323 658 famam
355 617 624 671 componitur:
656 617 824 670 ideoque
861 619 901 659 et
941 618 1073 659 verbis
1104 618 1387 659 remotioribus
1417 620 1458 660 et
1489 619 1646 660 liberio-

174 681 286 723 ribus
316 681 458 735 figuris
490 682 674 722 narrandi
718 683 898 723 taedium
940 683 1077 723 evitat.
1120 682 1277 735 Itaque,
1309 683 1355 723 ut
1391 683 1487 731 dixi,
1517 696 1645 737 neque
1672 689 1714 722 32

173 745 248 787 illa
277 745 528 788 Sallustiana
559 747 745 795 brevitas,
778 759 857 799 qua
903 747 1005 787 nihil
1053 746 1159 800 apud
1201 759 1317 788 aures
1349 759 1494 789 vacuas
1524 750 1645 801 atque

172 809 353 852 eruditas
383 812 513 864 potest
543 824 625 852 esse
657 811 886 864 perfectius,
918 811 1023 864 apud
1064 813 1304 864 occupatum
1342 812 1465 853 variis
1494 813 1646 867 eogita-

171 875 352 917 tionibus
367 875 543 917 iudicem
561 877 601 917 et
617 876 776 929 saepius
794 875 1042 917 ineruditum
1061 876 1257 929 captanda
1280 876 1393 917 nobis
1424 878 1496 929 est,
1518 890 1645 930 neque

173 940 246 982 illa
278 941 366 981 Livi
398 940 528 981 lactea
570 941 732 981 ubertas
770 940 867 981 satis
904 940 1062 982 docebit
1101 953 1206 989 eum,
1245 941 1314 993 qui
1353 954 1429 982 non
1471 942 1644 995 speciem

174 1087 212 1093 —
234 1069 369 1113 potius,
405 1067 491 1108 cioe,
515 1067 639 1102 invece
664 1067 696 1101 di
723 1068 887 1112 giovare:
913 1068 992 1102 altri
1018 1069 1161 1113 spivga:
1187 1071 1325 1112 (potius
1350 1069 1509 1113 habenti)
1533 1082 1644 1115 quam

173 1113 400 1147 adversario.

218 1159 274 1192 31.
301 1157 464 1198 historia,
489 1157 544 1192 ‘le
569 1168 672 1202 opere
697 1158 881 1197 storiche';
907 1170 970 1192 con
996 1164 1117 1203 questo
1141 1159 1340 1202 significato
1373 1160 1502 1194 ricorre
1526 1171 1644 1205 spesso

175 1203 211 1237 in
228 1202 446 1244 Quintiliano
463 1203 497 1236 la
522 1202 653 1247 pamla,
679 1207 775 1237 tanto
801 1203 853 1236 nel
881 1203 1055 1247 singolare
1081 1209 1210 1248 quanto
1237 1205 1291 1238 nel
1318 1204 1472 1248 plurale:
1500 1207 1592 1250 pero,
1609 1206 1643 1238 di

173 1249 305 1293 regola,
334 1247 368 1282 al
393 1247 570 1292 singolare
601 1247 745 1291 designa
772 1247 796 1280 il
821 1259 960 1292 genere,
986 1247 1018 1281 al
1045 1248 1179 1292 plurale
1204 1249 1236 1283 le
1262 1250 1356 1282 varie
1382 1249 1543 1284 scritture
1578 1250 1644 1284 che

174 1298 438 1338 appartengono
463 1293 504 1326 ad
531 1304 606 1326 esso
631 1303 769 1337 genere.
795 1313 834 1316 —
873 1294 971 1327 alere
987 1305 1125 1332 ...suom
1149 1295 1211 1327 cfr.
1238 1298 1260 1335 g
1284 1294 1305 1326 2
1331 1306 1362 1327 n.
1388 1305 1407 1327 a
1434 1306 1528 1328 vires
1552 1306 1645 1329 acce-

172 1340 279 1382 perit.
305 1357 348 1364 —
372 1338 529 1382 quodam
558 1338 673 1377 uberi,
700 1338 787 1382 App.
814 1338 888 1372 crit.
915 1359 957 1362 —
982 1344 1015 1372 et
1038 1340 1128 1382 ipsa,
1147 1339 1221 1372 cioe
1246 1350 1310 1372 con
1328 1344 1421 1373 certe
1438 1339 1643 1379 restrizioni,

173 1393 271 1417 come
286 1382 393 1428 perla
413 1382 529 1426 poesia
542 1386 577 1423 (g
590 1382 658 1426 23).
685 1402 726 1407 —
749 1383 945 1427 plerasque
1011 1383 1192 1423 vitandas,
1209 1383 1300 1418 forse
1317 1384 1462 1424 Quintil.
1489 1395 1643 1429 esagera.

172 1438 271 1462 come
296 1427 460 1472 potrebbe
484 1427 690 1461 dimostrare
717 1426 740 1460 il
766 1428 864 1467 fatto,
889 1439 925 1462 se
951 1439 1036 1472 pure
1060 1430 1078 1462 e
1103 1439 1195 1467 vero,
1221 1429 1286 1462 che
1312 1428 1519 1463 Demostene
1544 1429 1644 1474 copib

173 1472 443 1517 ripetutamente
464 1472 495 1506 le
513 1472 618 1506 storie
635 1472 668 1505 di
696 1472 873 1507 Tucidide.
895 1494 934 1496 —
953 1475 1116 1512 virtutes,
1134 1484 1203 1507 non
1222 1486 1239 1504 κ
1255 1473 1348 1506 virtu
1362 1488 1391 1508 ».
1408 1493 1451 1499 —
1468 1480 1519 1508 est
1535 1477 1645 1515 enim,

173 1518 263 1562 App.
289 1517 422 1552 critica.
449 1537 490 1541 —
510 1518 686 1560 proxima
717 1519 832 1561 poetis
857 1520 915 1555 (ε
940 1524 1131 1561 poetarum
1169 1520 1362 1562 operibus).
1399 1519 1644 1554 affermazione

173 1567 295 1607 troppo
320 1561 496 1600 assoluta;
522 1562 614 1595 nella
641 1561 843 1596 letter-atum
868 1573 972 1607 greca
1000 1563 1042 1596 ha
1070 1563 1187 1597 valore
1212 1574 1273 1607 per
1298 1563 1458 1602 Erodoto,
1491 1575 1558 1598 non
1584 1564 1644 1609 piu

171 1607 216 1641 ne
239 1618 302 1652 per
326 1607 494 1641 Tueidide
519 1607 562 1641 ne
587 1618 648 1651 per
673 1607 877 1642 Senofonte:
904 1608 936 1640 la
962 1619 1041 1641 cosa
1066 1608 1084 1642 e
1109 1608 1280 1642 evidente.
1306 1628 1346 1633 —
1372 1609 1544 1648 solatum,
1568 1621 1641 1643 nu-

171 1653 283 1686 meris
306 1654 353 1696 (v.
378 1652 412 1685 la
438 1663 470 1685 n.
496 1663 515 1685 a
540 1652 706 1695 αιίίίῃαεα
731 1656 752 1694 ἓ
770 1652 839 1694 29).
855 1673 893 1677 --
913 1653 961 1685 ad
979 1654 1227 1693 narrandum,
1246 1665 1315 1686 non
1336 1654 1384 1686 ad
1398 1655 1643 1698 probandum,

171 1697 236 1731 cfr.
260 1700 284 1739 ἓ
308 1702 494 1742 seguente:
520 1708 592 1731 non
619 1699 815 1741 speciem...
831 1698 892 1731 „sed
915 1698 1022 1740 fidem
1048 1700 1202 1742 quaerit.
1218 1717 1257 1723 -
1285 1710 1384 1741 opus,
1410 1698 1464 1732 nel
1490 1710 1591 1733 senso
1609 1700 1643 1733 di

170 1752 297 1786 qenus,
321 1753 341 1777 e
365 1741 435 1776 cosi
460 1752 578 1786 spesso
604 1742 638 1775 in
663 1742 780 1783 Quint.
806 1762 848 1768 —
866 1743 914 1775 ad
939 1749 1062 1776 actum
1087 1744 1152 1782 rei,
1176 1744 1251 1776 cioe
1276 1744 1325 1776 ad
1343 1755 1419 1776 rem
1437 1745 1644 1787 abendam,-

172 1797 242 1828 res,
267 1799 286 1820 α
305 1798 409 1821 causa
426 1800 458 1825 »,
484 1788 518 1820 in
543 1798 644 1820 senso
670 1788 816 1820 forense.
845 1789 933 1831 App.
967 1788 1041 1821 erit.
1076 1808 1117 1812 —
1149 1788 1198 1820 ad
1218 1799 1386 1831 qiu-qnam
1413 1795 1644 1832 praesentem

172 1831 257 1874 (cosi
283 1832 325 1872 V,
351 1832 402 1871 12,
430 1831 489 1864 17:
514 1832 563 1864 ad
587 1843 750 1874 puynam
774 1834 980 1875 foreas-em),
1016 1833 1064 1865 acl
1101 1835 1315 1866 memoriam
1349 1836 1582 1876 posteritatis,
1608 1834 1644 1868 in

172 1875 506 1921 contrapposizione.
533 1897 571 1901 -—
602 1878 749 1919 ingenii,
775 1876 865 1910 (lelio
891 1877 1027 1910 stoi-ico⁴
1123 1879 1386 1917 remotioribus,
1413 1879 1557 1917 intendi,
1573 1879 1642 1912 dal-

172 1920 260 1955 l'uso
284 1932 442 1956 comune.
467 1941 510 1945 ——
536 1922 766 1955 liberioribus
790 1923 932 1965 fiyuris,
957 1923 1018 1955 cfr.
1047 1922 1192 1956 lieentia
1227 1924 1450 1966 siqui-arum,
1476 1928 1497 1965 ἓ
1521 1924 1576 1957 28.
1601 1945 1644 1948 ἥ

173 1966 241 2000 32.
264 1972 304 1999 ut
328 1967 419 2005 dixi,
445 1965 502 2005 lv,
521 1966 551 2003 2,
570 1967 632 1999 45:
659 1977 774 2009 quare
800 1968 948 1999 vitanda
967 1973 1016 2001 est
1033 1969 1141 2000 etiam
1170 1968 1234 2000 itta
1261 1968 1500 2007 Sallustiana,
1515 1980 1642 2013 quam-

173 2022 283 2055 quam
310 2012 347 2044 in
372 2013 447 2055 ipso
472 2012 619 2044 virtutis
656 2012 774 2044 locum
812 2013 954 2051 obtinet,
980 2013 1135 2046 brevitas
1172 2019 1204 2045 et
1241 2014 1439 2057 abruptum
1467 2015 1644 2048 sermonis

170 2066 300 2100 yenus,
323 2056 420 2100 quod
444 2057 595 2089 otiosum.
620 2058 774 2099 fortasse
799 2056 967 2090 lectorem
992 2059 1115 2089 minus
1139 2057 1260 2101 fallat,
1285 2059 1492 2092 audientem
1519 2064 1641 2092 trans-

174 2100 282 2141 volat,
308 2112 372 2134 nec
395 2101 485 2133 dum
510 2107 698 2144 repetatur
722 2107 904 2145 expectat;
937 2102 1000 2134 cfr.
1026 2107 1116 2136 sotto
1149 2101 1272 2143 5102:
1300 2104 1543 2137 immortalem
1569 2104 1645 2148 Sat·

173 2145 262 2180 lusti
293 2145 526 2179 velocitatem.
564 2165 606 2171 -—
642 2156 752 2180 aures
785 2157 919 2180 vacuas
955 2153 1063 2191 atque
1098 2147 1271 2184 eruditas,
1309 2148 1382 2181 cioe
1420 2148 1450 2181 le
1489 2159 1644 2193 persone,

172 2190 237 2224 che
262 2190 411 2240 potendo
436 2191 590 2234 disper-re
616 2190 843 2225 liberamente
867 2191 921 2224 del
948 2191 1021 2225 loro
1046 2196 1161 2236 tempo
1190 2191 1219 2224 si
1243 2203 1467 2237 oct-upavano
1492 2193 1525 2226 di
1552 2193 1644 2226 studi

172 2245 191 2269 e
214 2235 336 2280 quindi
361 2235 596 2279 possedevano
623 2246 691 2268 una
717 2236 814 2280 larga
839 2236 986 2269 cultura.
1023 2257 1066 2260 ——
1104 2242 1317 2281 occupatum
1379 2244 1455 2271 et...
1474 2239 1642 2272 inerudi-

173 2286 261 2319 tum,
287 2285 532 2324 contrapposto
557 2280 599 2313 ad
624 2291 732 2314 aures
769 2292 902 2314 vacuas
938 2287 1046 2325 atque
1070 2282 1245 2315 eruditas.
1271 2301 1313 2307 —
1347 2283 1549 2317 iudicem
1576 2285 1646 2317 ine-

172 2325 353 2365 ruditum,
377 2324 597 2366 Quintiliano
623 2325 739 2359 allude
774 2338 793 2359 a
830 2326 946 2360 coloro
971 2326 1036 2360 che
1073 2331 1353 2371 appartenevano
1379 2327 1448 2361 alla
1477 2333 1601 2372 quarta
1626 2338 1645 2362 e

172 2369 243 2404 alla
278 2370 400 2414 quinta
437 2369 577 2403 decuria
613 2369 646 2403 di
684 2370 828 2414 giudici,
864 2371 1032 2415 aggiunte
1073 2371 1373 2416 rispettivarnente
1409 2372 1452 2406 da
1486 2376 1645 2417 Augusto

171 2414 241 2449 alle
265 2419 318 2450 tre
342 2425 361 2449 e
386 2415 428 2448 da
453 2414 612 2458 Caligola
649 2415 717 2449 alle
753 2420 891 2460 quattro
929 2416 1158 2461 preesistenti.
1198 2416 1245 2449 La
1270 2417 1404 2450 brevita
1439 2418 1644 2451 sallustiana

171 2459 318 2494 sarehbe
341 2464 431 2493 stata
459 2465 580 2503 troppo
605 2460 713 2493 ostica
741 2471 801 2510 per
827 2461 886 2494 tali
913 2460 1056 2505 giudici‚
1082 2461 1200 2495 venuti
1228 2472 1288 2505 per
1312 2461 1345 2495 lo
1371 2462 1427 2506 pii'i
1446 2462 1539 2496 dalla
1557 2475 1646 2496 carn·

173 2515 299 2549 pagna,
323 2505 502 2538 conforme
527 2509 653 2538 attesta
685 2505 829 2545 Quintil.
855 2505 876 2538 1.
902 2517 931 2540 c.
957 2505 1030 2546 (lv,
1057 2506 1090 2547 ⁶2,
1117 2507 1195 2549 45):
1221 2518 1303 2540 cum
1320 2507 1519 2541 ...iudicem
1554 2519 1645 2541 rura

172 2549 392 2594 plerumque
418 2551 455 2582 in
481 2550 650 2583 decurias
686 2551 841 2583 mittant.
879 2570 919 2577 —-
962 2551 1075 2585 lactea
1107 2552 1264 2591 ubertas,
1289 2552 1351 2585 cfr.
1379 2551 1417 2591 11,
1442 2553 1474 2590 5,
1500 2552 1557 2585 19:
1583 2564 1646 2596 eqo

174 2596 325 2638 optimos
349 2595 495 2639 quidem
522 2601 554 2627 et
578 2596 701 2627 statim
727 2601 760 2629 et
783 2606 935 2640 semper,
960 2596 1022 2630 sed
1043 2602 1163 2630 tamen
1189 2607 1315 2630 eorum
1341 2598 1644 2631 candidissimum

172 2643 341 2685 (appunto
366 2651 386 2674 a
410 2640 712 2675 candidissimum
739 2640 961 2686 cori-isponde
978 2641 1118 2683 ‚lactem
1145 2653 1324 2686 quemque
1347 2649 1380 2677 et
1404 2645 1566 2677 maxime
1589 2654 1648 2677 ex·
