1887 2901
235 333 276 366 13
301 325 436 367 cilitas
466 328 506 367 et
536 325 735 378 quidquid
779 328 864 366 arte
908 338 984 366 non
1024 325 1215 367 traditur.
1247 326 1421 381 Ideoque
1451 329 1651 382 plerique,
1681 341 1773 370 cum

232 915 271 947 14

1142 0 1257 18 1-·n
1274 3 1280 6 ·
1315 0 1497 19 ’τ’-τ
1510 0 1703 24 «ι-’ἓ-Ξῆεντῑῄς
1719 0 1782 19 wa-

1204 28 1206 30 .
1242 30 1248 38 s
1271 36 1274 38 .
1410 32 1413 34 ,
1496 24 1513 34 .,
1635 28 1638 31 ,
1731 22 1750 38 .,-.
1791 24 1801 27 -

302 109 355 148 70
820 124 954 151 CAPUT
983 126 1023 150 11.
1059 115 1079 161 5
1111 113 1266 153 13--15

302 196 367 237 his
396 196 631 238 adsimilata
675 197 847 238 materia
893 199 964 238 est.
997 197 1110 239 Adde
1149 198 1256 252 quod
1295 211 1356 250 ea,
1386 211 1490 253 quae
1531 200 1574 241 in
1618 203 1775 243 oratore

303 261 478 302 maxima
503 263 609 309 sunt,
639 261 863 302 imitabilia
893 273 970 302 non
1001 263 1108 311 sunt,
1139 262 1365 316 ingenium,
1396 264 1591 313 inventio,
1623 265 1702 315 vis,
1723 265 1777 306 fa-

299 390 421 432 verba
452 389 649 443 quaedam
681 403 726 431 ex
757 390 1007 431 orationibus
1037 393 1318 444 excerpserunt
1361 393 1434 433 aut
1479 392 1640 445 aliquos
1670 405 1775 435 com-

299 455 510 508 positionis
539 457 666 495 certos
696 454 827 508 pedes,
861 455 960 495 mire
992 467 1015 495 a
1045 467 1086 495 se
1116 467 1219 507 quae
1263 456 1452 510 legerunt
1497 457 1637 511 effingi
1669 457 1775 498 arbi-

298 522 471 568 trantur,
502 531 595 560 cum
626 520 667 559 et
697 519 817 560 verba
847 519 1092 560 intercidant
1137 519 1467 574 invalescantque
1512 522 1775 575 temporibus,

298 585 345 623 ut
375 596 544 635 quorum
577 583 802 624 certissima
846 583 901 624 sit
940 584 1081 633 regula
1126 583 1165 623 in
1207 585 1509 634 consuetudine,
1541 598 1668 638 eaque
1698 598 1773 626 non

298 659 371 688 sua
402 651 547 688 natura
569 648 652 688 sint
682 648 784 688 bona
814 650 885 687 aut
916 647 1025 687 mala
1055 649 1166 700 (nam
1188 660 1258 701 per
1285 660 1327 690 se
1348 649 1433 689 soni
1465 650 1625 690 tantum
1648 653 1776 701 sunt),

298 711 366 753 sed
396 715 515 765 prout
545 713 766 765 opportune
810 712 1049 764 proprieque
1094 715 1166 752 aut
1209 725 1324 754 secus
1367 713 1564 754 collocata
1594 716 1703 764 sunt,
1734 717 1775 755 et

298 777 532 829 compositio
561 789 652 816 cum
685 776 805 816 rebus
825 775 1128 817 accommodata
1147 777 1213 826 sit,
1235 779 1325 817 tum
1345 777 1434 831 ipsa
1465 778 1662 820 varietate
1682 790 1775 833 gra-

298 841 470 882 tissima.

354 905 606 960 Quapropter
636 905 890 946 exactissimo
919 905 1071 946 iudicio
1101 905 1208 946 circa
1238 906 1341 947 hanc
1365 908 1523 959 partem
1545 906 1773 949 studiorum

297 971 562 1012 examinanda
592 973 687 1011 sunt
730 970 877 1011 omnia.
911 969 1112 1018 Primum,
1144 982 1243 1023 quos
1274 971 1507 1012 imitemur:
1552 984 1646 1012 nam
1677 975 1775 1013 sunt
1879 963 1887 980 ²

296 1037 479 1090 plurimi,
512 1037 580 1089 qui
613 1035 927 1076 similitudinem
960 1036 1125 1088 pessimi
1168 1036 1366 1089 cuiusque
1401 1039 1443 1077 et
1472 1037 1772 1090 corruptissimi
1878 981 1887 1075 1

297 1102 592 1155 concupierint:
626 1104 714 1142 tum
744 1101 785 1141 in
817 1101 929 1154 ipsis,
962 1113 1060 1152 quos
1090 1100 1348 1155 elegerimus,
1380 1101 1480 1154 quid
1505 1102 1570 1150 sit,
1593 1102 1644 1143 ad
1665 1101 1773 1155 quod

296 1180 366 1208 nos
396 1166 653 1208 efficiendum
685 1178 975 1219 comparemus,
1008 1165 1112 1206 Nam
1159 1165 1199 1205 in
1247 1165 1405 1219 magnis
1450 1178 1609 1219 quoque
1640 1171 1771 1209 aucto-

297 1232 409 1273 ribus
439 1231 626 1273 incidunt
644 1231 784 1283 aliqua
807 1230 951 1270 vitiosa
973 1233 1012 1271 et
1033 1243 1056 1270 a
1076 1230 1204 1271 doctis
1226 1230 1332 1271 inter
1352 1230 1459 1284 ipsos
1480 1231 1606 1272 etiam
1630 1234 1773 1273 mutuo

295 1297 552 1350 reprehensa:
583 1299 705 1349 atque
737 1295 894 1336 utinam
927 1299 1011 1336 tam
1045 1295 1146 1335 bona
1177 1295 1386 1336 imitantes
1417 1295 1598 1337 dicerent
1620 1295 1772 1338 melius

294 1448 313 1468 3
340 1436 631 1469 declamationes.
657 1454 699 1460 —
732 1435 956 1473 adsimilata,
990 1445 1054 1468 con
1082 1435 1114 1467 lo
1139 1439 1248 1468 stesso
1282 1435 1482 1479 significato
1514 1436 1548 1469 di
1571 1437 1682 1480 facta,
1707 1435 1773 1471 che

294 1480 450 1525 precede.
476 1500 519 1506 —
544 1480 758 1524 quidquid...
776 1491 847 1513 non
875 1481 1047 1513 traditur.
1074 1480 1262 1513 icosidetti
1289 1480 1369 1514 doni
1396 1480 1549 1514 naturali
1573 1491 1592 1514 e
1617 1481 1651 1514 in
1670 1491 1775 1525 gene-

294 1526 367 1560 rale
391 1530 482 1559 tutto
507 1525 561 1560 cio
586 1525 651 1558 che
677 1536 745 1559 non
771 1525 935 1570 s‘impara
966 1536 1026 1569 per
1052 1525 1107 1557 via
1133 1524 1447 1569 d’insegnamento.
1472 1545 1514 1551 —
1559 1526 1616 1560 13.
1643 1527 1772 1560 oratio-

292 1573 414 1611 nibus,
439 1571 589 1604 studiate
615 1581 634 1603 o
653 1581 752 1614 prese
777 1582 796 1603 3
823 1570 982 1604 modello.
999 1590 1041 1593 —
1058 1572 1336 1614 compositionis,
1351 1572 1412 1604 cfr.
1434 1571 1462 1610 1,
1479 1570 1523 1604 52
1541 1582 1574 1604 n.
1593 1590 1635 1596 —
1647 1572 1772 1614 pedes,

293 1621 301 1634 ⁸
323 1616 462 1659 mods,
483 1621 500 1648 .‘
516 1616 659 1649 forme...
680 1615 697 1648 '.
735 1635 777 1641 —
814 1626 908 1648 cum.
941 1615 1173 1649 avversativo.
1207 1634 1250 1641 —-
1283 1627 1367 1649 cum
1404 1622 1449 1655 ec,
1486 1618 1577 1660 App.
1613 1616 1691 1650 crit.
1728 1614 1794 1642 -“

294 1662 403 1695 verba
428 1661 661 1697 intercidant,
686 1661 748 1694 cfr.
766 1661 864 1694 Oraz.
884 1662 927 1693 A.
948 1660 989 1692 P.
1010 1659 1132 1699 60-62,
1150 1659 1260 1692 70-72.
1280 1680 1322 1686 —
1347 1667 1389 1693 ut
1411 1672 1570 1705 quorum
1583 1663 1772 1706 :quippe

293 1717 461 1751 quorum.
487 1726 529 1730 —
562 1706 832 1744 consuetudine,
858 1705 923 1739 che
948 1705 1084 1739 Ornzio.
1109 1705 1129 1737 l.
1157 1716 1185 1738 c.
1210 1705 1265 1742 71.
1290 1705 1431 1739 chiama
1457 1717 1553 1739 usus.
1582 1726 1617 1730 —
1645 1717 1771 1750 eaque,

293 1751 406 1785 anche
431 1751 466 1784 in
492 1750 660 1784 Cicerone
697 1750 758 1784 c'e
792 1750 945 1794 esenipio
969 1750 1024 1783 del
1050 1749 1236 1794 passaggio
1261 1750 1355 1783 dalla
1379 1751 1598 1785 costruzioue
1622 1750 1771 1785 relativa

291 1799 479 1841 (quorum)
503 1795 575 1828 alla
599 1795 840 1829 dimostrativa
858 1799 940 1838 (ea).
959 1814 1001 1820 —
1018 1797 1107 1829 soni.
1134 1795 1315 1828 l‘armonia
1341 1795 1406 1830 che
1432 1795 1556 1829 risulta
1581 1795 1675 1830 dalla
1700 1796 1773 1830 col·
1832 1802 1836 1803 ⁷
1881 1795 1887 1835 J

293 1842 470 1876 locazione
488 1841 578 1875 delle
604 1840 724 1885 parole
741 1840 797 1875 nel
817 1841 967 1885 periodo.
987 1860 1028 1865 —
1053 1840 1240 1881 collocata,
1268 1840 1323 1874 nel
1349 1851 1451 1874 senso
1475 1840 1509 1874 di
1534 1841 1710 1876 adhibita.
1730 1861 1767 1866 —
1880 1848 1887 1878 ¹,

293 1899 387 1921 cum.
415 1893 504 1925 eum,
529 1885 741 1919 correlativi.
768 1905 809 1911 -
835 1886 1105 1919 accommodata
1131 1887 1189 1925 sit,
1217 1888 1304 1930 App.
1322 1886 1398 1919 crit.
1883 1896 1887 1905 ⁴

337 1933 383 1966 14
419 1933 658 1973 exactissimo,
683 1938 833 1964 exactus
859 1931 914 1964 nel
940 1941 1040 1964 senso
1065 1930 1098 1963 di
1115 1943 1132 1961 «
1149 1931 1296 1973 perfetto
1312 1943 1342 1967 1»,
1355 1941 1454 1964 come
1471 1930 1529 1974 qui
1549 1941 1567 1964 e
1585 1930 1615 1969 7,
1632 1929 1686 1970 30,
1702 1941 1770 1964 11011

293 1978 311 2010 e
336 1981 435 2011 usato
460 1977 503 2010 da
527 1975 717 2013 Cicerone;
743 1975 776 2009 lo
804 1977 846 2009 ha
874 1978 956 2020 pero
981 1975 1104 2010 Orazio
1134 1975 1246 2019 Epist.
1274 1974 1314 2014 11,
1342 1975 1438 2013 272.
1455 1995 1491 2000 —
1510 1976 1656 2013 iudicio,
1681 1987 1712 2008 v.
1742 1976 1770 2015 1,

292 2022 313 2055 8
338 2033 371 2055 n.
397 2041 439 2048 -
463 2021 560 2054 hanc
580 2028 727 2065 partem
751 2022 971 2059 studiorum,
997 2021 1200 2055 sottintendi
1227 2032 1320 2065 quae
1344 2021 1393 2054 ad
1417 2022 1658 2054 imitationem
1677 2031 1768 2065 per-

294 2070 417 2101 tinent.
445 2086 486 2092 —
505 2068 675 2110 primum
735 2072 823 2100 tum.
849 2077 947 2100 come
971 2069 1018 2107 §g
1041 2066 1078 2098 18
1095 2077 1114 2100 e
1134 2065 1185 2099 19.
1207 2086 1243 2090 —
1262 2067 1352 2110 quid
1376 2068 1424 2100 sit
1446 2066 1496 2099 ad
1511 2092 1557 2105 ...‚
1583 2067 1672 2109 App.
1689 2066 1768 2099 crit.

293 2131 334 2138 —
349 2113 581 2157 efficiendum
596 2111 666 2152 (nel
686 2122 787 2145 senso
805 2111 838 2144 di
866 2121 873 2129 ·
892 2111 1091 2155 riprodurre
1109 2111 1131 2142 ’1
1155 2127 1199 2140 =
1212 2112 1475 2155 effinyendum.
1491 2130 1530 2136 —
1599 2111 1657 2145 15.
1682 2122 1770 2144 nam

338 2157 570 2201 reprehensa,
596 2157 657 2190 cfr.
680 2157 707 2193 1,
725 2157 778 2189 24.
797 2177 829 2180 -
862 2159 898 2190 in
925 2158 1079 2199 magnis,
1107 2159 1142 2188 in
1167 2157 1186 2190 6
1213 2162 1310 2190 usato
1335 2157 1474 2200 quando
1498 2156 1671 2190 s'intende
1698 2167 1771 2200 pai·-

293 2202 364 2237 lare
395 2203 429 2236 di
456 2207 544 2236 tutte
570 2202 602 2235 le
626 2212 729 2246 opere
762 2201 796 2234 di
822 2213 890 2234 uuo
915 2201 1087 2238 scrittore,
1122 2202 1223 2244 apud
1247 2202 1386 2246 quando
1418 2201 1453 2234 di
1479 2212 1525 2234 un
1551 2200 1657 2245 luogo
1689 2212 1710 2234 ο
1734 2200 1769 2235 di

292 2259 339 2281 un
364 2258 465 2292 passo
489 2246 661 2292 speciale:
690 2246 760 2280 cosi
799 2247 828 2285 1,
851 2246 915 2279 :592
941 2247 1042 2290 apud
1068 2246 1227 2279 Livium.
1253 2267 1295 2271 -—
1329 2248 1451 2282 doceis.
1482 2245 1562 2291 puoi
1587 2245 1769 2280 tradurre:

292 2298 300 2311 ⁴
319 2292 476 2337 giudici'
502 2303 522 2326 o
548 2298 555 2310 ⁸
573 2292 685 2326 critici
719 2291 928 2336 competenti
949 2291 966 2323 1
995 2310 1037 2316 ——
1064 2293 1160 2324 inter
1193 2293 1298 2335 ipsos,
1327 2293 1356 2331 1,
1383 2292 1422 2324 14
1447 2302 1466 2326 e
1490 2291 1533 2324 22
1560 2291 1648 2325 trovi
1673 2293 1771 2325 inter

292 2349 346 2371 se:
374 2338 466 2371 l'una
492 2337 627 2371 dizione
663 2337 835 2370 differisce
861 2336 1033 2370 dall'altra
1067 2336 1101 2369 in
1128 2337 1193 2375 cio,
1218 2336 1284 2370 che
1311 2336 1342 2370 13
1362 2336 1473 2381 prima
1507 2337 1526 2370 e
1552 2341 1651 2370 usata
1681 2336 1771 2381 dopo

292 2383 493 2428 qualunque
519 2393 615 2419 caso:
641 2382 672 2415 la
698 2382 847 2415 seconda
876 2381 1068 2415 solamente
1091 2382 1182 2425 dopo
1202 2381 1225 2415 il
1244 2382 1461 2415 nominativo
1487 2392 1506 2414 e.
1532 2380 1769 2416 l'accusativo.

291 2428 417 2469 Quindi
444 2428 623 2467 Civcrone,
648 2428 692 2461 cle
713 2425 780 2472 Off.
800 2427 823 2465 1,
843 2427 894 2465 16,
910 2427 965 2465 50,
985 2426 1043 2459 lin:
1063 2430 1179 2460 oratio
1195 2428 1408 2461 conciliat
1426 2428 1521 2460 inter
1537 2437 1574 2459 se
1591 2425 1770 2467 homines,

291 2485 309 2507 6
338 2475 381 2507 ib.
409 2473 432 2512 l,
458 2474 489 2513 7,
513 2473 578 2506 ‘202
604 2474 752 2506 societas
778 2472 970 2505 hominum
996 2473 1090 2505 inter
1109 2475 1212 2516 ipsos.
1240 2472 1298 2505 Ma
1323 2483 1392 2506 non
1409 2472 1429 2506 ὁ
1446 2471 1566 2516 regola
1590 2470 1768 2505 assoluta:

292 2518 409 2552 infatti
436 2518 469 2552 lo
485 2523 595 2552 stesso
613 2517 781 2552 Cicerone
805 2528 842 2550 se
862 2528 904 2551 ne
921 2522 1046 2552 scosta.
1073 2518 1117 2550 ib.
1145 2517 1169 2557 1,
1188 2517 1240 2556 17,
1257 2517 1319 2551 53:
1345 2517 1464 2550 multa
1522 2522 1610 2550 sunt
1632 2517 1771 2551 civibus

294 2567 389 2597 incer
405 2574 441 2596 se
458 2565 690 2601 commatum
719 2575 747 2596 v.
772 2570 862 2597 sotto
889 2566 908 2604 ξ
935 2562 988 2594 223.
1010 2581 1046 2585 —
1076 2569 1202 2596 ηιαταο
1226 2562 1463 2605 repr-rherum,
1487 2561 1550 2595 cfr.
1571 2561 1653 2595 Tac.
1675 2561 1771 2595 Diae.

294 2611 354 2645 18:
388 2611 584 2643 (alvum.
611 2610 772 2643 sicerum
799 2610 913 2641 visum
934 2620 1156 2652 eaesanywm
1176 2617 1208 2643 ec
1224 2616 1409 2649 uter-zeum,
1435 2618 1688 2653 musasque
1721 2606 1770 2641 Cd-
