1887 2901
140 355 234 409 ‚21

192 737 236 770 22

265 124 342 165 100
784 137 915 164 CAPUT
945 137 984 164 v.
1018 126 1040 172 ἓ
1067 125 1225 164 21—22

261 212 464 254 actionem
496 212 683 253 habitam
715 224 786 265 pro
812 210 964 261 eodem,
1000 223 1093 252 cum
1130 211 1476 266 alteram‘part‘em
1499 211 1741 258 satisnos'se

261 288 339 318 non
370 278 503 331 posset
533 290 577 318 ex
608 276 692 318 sola
722 275 963 317 defensione.

317 340 451 383 Citius
483 342 621 382 autem
651 339 819 381 idoneus
849 340 927 381 erit
960 339 1132 390 iuvenis,
1159 351 1280 393 quem
1303 343 1535 395 praeceptor
1564 343 1741 398 coegerit

261 405 303 446 in
333 405 595 447 declamando
626 417 750 458 quam
780 404 1044 446 simillimum
1074 416 1158 445 esse
1190 404 1352 445 veritati
1384 406 1425 447 et
1444 419 1515 459 per
1543 408 1650 449 totas
1679 407 1739 450 ire

261 471 464 520 materias,
487 482 660 523 quarum
691 482 798 510 nunc
828 468 1029 510 facillima
1058 470 1100 510 et
1129 468 1304 510 maxime
1335 469 1574 512 favorabilia
1609 472 1739 514 decer-

260 536 373 588 punt.
406 534 579 576 Obstant
608 534 716 583 huic,
749 534 855 587 quod
886 533 1059 575 secundo
1088 533 1174 574 loco
1203 533 1333 586 posui,
1360 534 1440 576 fere
1470 535 1591 576 turba
1621 536 1739 578 disci-

259 599 449 652 pulorum
489 601 530 640 et
568 599 812 640 consuetudo
853 598 1044 639 classium
1088 598 1209 639 certis
1248 598 1391 640 diebus
1428 599 1738 652 audiendarum,

260 663 440 704 nonnihil
476 664 600 704 etiam
631 663 837 716 persuasio
867 664 1032 716 patrum
1057 662 1362 704 numerantium
1384 664 1520 717 potius
1541 664 1738 707 declama-

259 727 386 769 tiones
417 740 538 780 quam
570 728 890 768 aestimantium.
921 726 1011 777 Sed,
1044 726 1149 780 quod
1180 727 1261 767 dixi
1297 728 1440 780 primo,
1471 730 1520 769 ut
1549 729 1737 780 arbitror,

259 792 376 842 libro,
407 805 478 834 nec
507 792 579 834 ille
610 806 649 834 se
681 792 808 834 bonus
837 793 1071 846 praeceptor
1100 792 1250 833 maiore
1281 804 1449 833 numero
1471 805 1594 845 quam
1615 794 1738 835 susti-

260 870 352 899 nere
383 857 509 910 possit
537 857 721 899 onerabit
750 857 791 898 et
819 857 992 898 nimiam
1021 856 1312 909 loquacitatem
1335 856 1500 906 recidet,
1521 859 1569 898 ut
1588 859 1737 910 omnia,

260 934 362 975 quae
383 924 480 963 sunt
501 922 543 963 in
565 922 845 972 controversia,
867 933 957 972 non,
980 922 1027 962 ut
1047 921 1214 974 quidam
1238 921 1392 971 volunt,
1415 934 1518 975 quae
1539 922 1580 963 in
1603 935 1737 964 rerum

259 989 417 1036 natura,
449 986 665 1035 dicantur3
694 988 735 1029 et
764 987 828 1028 vel
858 986 1039 1041 longiore
1069 986 1205 1040 potius
1236 985 1395 1028 dierum
1431 987 1561 1041 spatio
1583 987 1739 1031 laxabit

259 1137 300 1171 L.
328 1137 421 1171 Pius
445 1137 497 1180 (L.
524 1137 587 1171 Pio
611 1137 752 1179 Cestio),
777 1142 890 1171 retore
913 1148 1028 1181 greco,
1054 1137 1119 1171 che
1145 1137 1301 1181 professo
1326 1149 1345 1170 a
1370 1137 1482 1172 Roma
1508 1137 1542 1171 ai
1568 1137 1675 1183 tempi
1701 1138 1736 1173 di

260 1184 438 1227 Augusto;
463 1182 685 1226 denigratore
710 1183 869 1216 accanito
894 1182 986 1216 della
1012 1183 1106 1215 fama
1131 1182 1165 1215 di
1189 1182 1371 1222 Cicerone,
1398 1183 1434 1216 fu
1460 1194 1562 1227 preso
1587 1195 1606 1216 a
1631 1183 1737 1217 staffi-

259 1229 330 1262 late
356 1227 413 1261 dal
438 1228 535 1272 figlio
561 1227 594 1260 di
619 1227 681 1268 lui,
706 1238 804 1262 come
840 1238 945 1261 narra
981 1227 1060 1261 Sen.
1098 1227 1202 1261 Suas.
1227 1228 1259 1266 7,
1286 1227 1338 1261 13.
1363 1227 1434 1261 Cfr.
1461 1229 1494 1262 lo
1519 1233 1630 1262 stesso
1654 1229 1735 1263 Sen.

266 1275 383 1307 Contr.
399 1271 455 1312 111,
467 1275 588 1317 praef.
609 1272 667 1306 15:
685 1274 808 1316 (pueri
819 1275 898 1317 fere
914 1279 980 1306 aut
996 1274 1191 1313 iuvenes)...
1205 1272 1308 1306 illius
1321 1273 1537 1316 (Ciceronis)
1555 1275 1737 1308 orationes

260 1330 333 1353 νιονι
360 1319 487 1362 leyunt
510 1319 585 1351 nisi
601 1329 660 1351 eas
677 1319 809 1362 quibus
840 1318 975 1352 Cestius
992 1319 1189 1361 rescripsit.
1208 1337 1250 1343 -—
1268 1319 1402 1357 eodem,
1420 1317 1566 1352 Milone.
1582 1339 1625 1343 -
1637 1320 1737 1359 satis,

261 1365 290 1398 A
344 1390 350 1395 .
376 1363 453 1396 crit.

295 1374 359 1443 ἐξ..
387 1408 549 1448 idoneus,
574 1419 594 1441 a
619 1411 765 1441 trattare
790 1406 821 1441 le
839 1418 954 1446 cause,
972 1407 1298 1452 cioe⁴(acquiste1·ia)
1315 1407 1471 1451 pratica'.
1491 1409 1581 1452 App.
1602 1408 1680 1442 crit.
1694 1427 1735 1434 —

255 1465 322 1499 per
341 1459 430 1487 totas
445 1455 499 1486 ire
525 1454 708 1492 materias,
733 1463 855 1486 senso:
883 1452 1043 1496 svolgere
1067 1453 1301 1486 interamente
1319 1463 1337 1486 e
1355 1463 1374 1485 a
1393 1453 1521 1486 fondoi
1538 1452 1735 1497 variiargo·

259 1498 378 1533 menti.
399 1519 437 1523 —
458 1509 568 1537 nunc,
586 1497 620 1530 al
634 1502 750 1541 tempo
765 1497 798 1530 di
812 1497 957 1538 Quintil.
973 1497 1066 1531 nelle
1079 1497 1198 1531 scuole
1215 1497 1250 1530 di
1268 1497 1428 1531 retorica.
1445 1517 1488 1523 —
1500 1499 1735 1541 favorabilia,

258 1544 382 1589 parola
406 1554 475 1577 non
502 1548 598 1576 usata
625 1543 668 1576 da
693 1542 872 1582 Cicerone,
897 1543 963 1577 che
988 1543 1149 1587 adopera,
1174 1553 1240 1576 con
1265 1547 1397 1575 cotesto
1417 1543 1628 1586 significato,
1650 1554 1736 1587 qra-

259 1592 370 1623 tiosus
392 1599 410 1622 e
428 1589 652 1632 plausibilis.
679 1608 723 1611 —
747 1588 904 1621 secundo
931 1588 1016 1627 loco,
1040 1587 1187 1627 intendi,
1206 1597 1277 1631 per
1303 1593 1392 1620 totas
1417 1589 1473 1621 ire
1488 1590 1734 1624 materias.—

259 1635 443 1672 classz'um,
468 1633 503 1666 in
529 1637 651 1678 questo
676 1643 788 1671 senso,
824 1632 901 1666 cio‘e
937 1633 1031 1667 detto
1067 1632 1157 1666 delle
1189 1631 1307 1666 scuole
1332 1631 1476 1675 (classi),
1501 1632 1632 1667 ricorre
1656 1632 1737 1678 dap·

258 1680 372 1725 prima
396 1678 492 1722 negli
513 1677 666 1712 scrittori
691 1677 746 1711 del
772 1677 888 1711 secolo
905 1678 1098 1722 d'argento.
1118 1677 1337 1712 Dell'usanza
1350 1677 1410 1722 qui
1428 1682 1619 1711 accennata
1637 1680 1735 1723 pai-la

259 1725 393 1759 altrove
409 1723 628 1764 Quintiliano
646 1722 685 1765 (1,
701 1723 734 1761 2,
749 1723 891 1766 ‘2324ss
918 1734 990 1757 non
1009 1724 1178 1756 inutilem
1195 1725 1265 1756 scio
1283 1729 1470 1756 servatum
1488 1734 1562 1757 esse
1585 1735 1607 1756 a
1626 1734 1732 1767 prae-

259 1771 461 1814 ceptoribus
487 1771 574 1802 meis
599 1779 750 1808 morem,
775 1771 849 1812 qui,
874 1780 958 1801 cum
977 1779 1115 1813 pueros
1138 1770 1178 1801 in
1203 1767 1334 1802 classes
1350 1768 1625 1808 distribuerent,
1642 1768 1735 1802 ordi-

257 1826 342 1849 nem
367 1814 512 1848 dicendi
536 1813 737 1847 secundum
763 1815 859 1847 vires
884 1815 1023 1858 inqem'i
1041 1814 1198 1853 dabant,·
1221 1819 1256 1847 et
1271 1815 1322 1845 ita
1335 1814 1525 1857 superiore
1542 1813 1616 1848 loco
1641 1815 1738 1858 quis-

260 1871 329 1906 que
365 1859 603 1899 declamabat,
636 1864 676 1891 ut
704 1859 927 1902 praecedere
945 1861 1115 1903 profectu
1141 1858 1344 1892 videbatur.
1371 1858 1492 1892 Huius
1516 1860 1572 1893 rei
1596 1860 1734 1893 iudicia

254 1905 550 1950 praebebantur-3
574 1915 615 1937 ea
641 1904 742 1937 nobis
767 1905 895 1948 izzyens
914 1905 1056 1948 palma,
1073 1905 1207 1938 ducere
1232 1913 1316 1937 vero
1341 1903 1492 1937 classem
1516 1903 1633 1938 multo
1652 1904 1737 1948 pul-

260 1951 499 1985 cherrimum.
525 1969 566 1974 —
582 1951 783 1993 persuasio,
807 1948 864 1982 nel
881 1960 983 1984 senso
1000 1949 1066 1983 che
1084 1949 1141 1983 noi
1159 1949 1274 1983 diamo
1291 1948 1514 1983 solitamente
1531 1949 1601 1982 alla
1615 1949 1735 1994 parola

261 2009 280 2029 «
298 1994 553 2041 pregiudizio».
568 1996 910 2035 —numerantium,
923 1994 1165 2029 osservazione
1178 1994 1237 2038 gia
1251 1995 1337 2027 satta
1351 1994 1394 2027 da
1411 1993 1557 2035 Quintil.
1570 1993 1626 2037 (ll,
1639 1994 1670 2034 7,
1686 1993 1735 2037 1):

261 2042 357 2086 quod
369 2040 516 2085 quidem
534 2040 623 2082 (cioe
640 2039 706 2072 che
724 2040 735 2072 i
753 2039 895 2083 giovani
914 2041 1036 2074 omnia
1054 2050 1147 2084 qnae
1164 2041 1376 2083 scripserint
1391 2040 1558 2073 ediscant
1572 2046 1607 2073 et
1625 2044 1736 2079 certa,

261 2093 303 2119 ut
327 2088 440 2119 moris
464 2090 525 2124 est,
550 2085 609 2118 die
633 2085 772 2127 dicant)
791 2086 952 2119 maxime
962 2092 1085 2128 patres
1099 2086 1263 2128 exiqunt,
1288 2092 1397 2128 atque
1421 2085 1472 2117 ita
1498 2085 1645 2118 demum
1663 2090 1737 2118 stu·

261 2133 348 2166 dere
372 2131 503 2164 liberos
519 2141 612 2170 suos,
637 2131 668 2163 si
693 2141 803 2174 quam
827 2132 1122 2176 frequentissime
1146 2130 1445 2164 declamaverint.
1463 2131 1627 2169 credunt,
1652 2140 1736 2163 cum

260 2179 446 2221 profectus
467 2176 666 2219 praecipue
690 2175 883 2218 diliqentia
918 2181 1062 2209 constet.
1090 2195 1129 2199 -—
1178 2175 1242 2209 22.
1264 2177 1421 2219 printo...
1448 2174 1551 2214 libro,
1577 2175 1601 2214 l,
1618 2178 1651 2214 2,
1679 2175 1735 2208 15:

263 2233 379 2267 neque
393 2227 607 2264 praeceptor
622 2221 734 2254 bonus
753 2223 892 2254 maiore
915 2232 952 2255 se
977 2221 1096 2259 turba,
1114 2232 1225 2264 quam
1253 2228 1291 2253 ut
1315 2223 1496 2254 sustinere
1512 2231 1588 2254 eam
1613 2222 1736 2264 possit,

264 2269 480 2301 oneraverit.
496 2285 538 2291 —
553 2266 676 2304 bonus,
694 2270 701 2283 ⁴
717 2265 856 2300 valente
871 2266 890 2303 ',
908 2273 916 2285 ⁶
931 2265 1050 2300 abile'.
1067 2287 1106 2289 ψ
1122 2267 1314 2305 sustinere,
1332 2267 1422 2310 App.
1440 2265 1517 2299 crit.
1531 2284 1574 2291 —
1594 2265 1738 2308 recidet,

264 2312 334 2346 cosi
346 2312 443 2344 Oraz.
461 2313 503 2343 A.
520 2310 562 2343 P.
581 2310 954 2345 447-448mmb2‘tfosa
969 2311 1104 2345 recidet
1124 2314 1129 2352 1
1151 2317 1385 2347 ornamenta:
1403 2310 1466 2343 cfr.
1482 2311 1555 2343 Sat.
1575 2309 1598 2347 1,
1615 2309 1666 2354 10,
1681 2309 1736 2343 69.

267 2361 355 2402 App.
373 2357 449 2390 crit.
469 2376 511 2381 —
536 2362 610 2388 ut...
638 2355 773 2394 volunt,
799 2357 890 2390 forse
908 2357 926 2390 e
951 2356 1045 2390 detto
1071 2356 1334 2395 ironicamente,
1359 2367 1457 2390 come
1482 2355 1510 2389 si
1536 2357 1604 2400 pub
1635 2365 1737 2399 argo-

266 2407 423 2437 mentare
449 2401 750 2445 ‹lall'espressione
768 2401 957 2445 iperbolica
982 2413 1075 2446 quac
1089 2402 1125 2434 in
1140 2412 1267 2435 rerum
1282 2407 1431 2439 natura,
1451 2402 1564 2445 «ogni
1585 2407 1679 2445 sorta
1703 2399 1738 2432 di

266 2459 357 2487 cose,
383 2447 407 2479 il
433 2446 597 2490 possibile
622 2457 640 2479 c
666 2445 906 2491 l'i1np0s<ibile
923 2460 955 2479 ».
978 2466 1018 2470 -
1045 2447 1240 2489 lon-more...
1266 2448 1391 2491 spatio,
1416 2447 1445 2479 si
1481 2445 1640 2480 riferisce
1669 2443 1739 2479 alle

267 2493 386 2538 parole
410 2492 465 2525 ‹lcl
492 2497 513 2530 ,ξ
544 2491 603 2524 21ῑ
630 2492 850 2525 consuetudo
875 2493 1045 2526 classium
1085 2494 1191 2525 vertis
1226 2493 1351 2526 diebus
1386 2491 1671 2525 audiendarum.
1697 2508 1738 2514 —

268 2539 410 2571 laxabit
434 2538 579 2570 dicendi
609 2537 868 2581 necessitatem,
904 2548 1026 2571 senso:
1064 2538 1238 2571 ‹lostinera
1275 2536 1344 2570 alla
1382 2535 1641 2570 declamazione
1676 2536 1739 2577 (un

268 2583 428 2628 maggior
453 2593 598 2615 numero
623 2582 656 2614 «li
682 2583 821 2626 giorni):
846 2588 977 2627 quanto
1001 2595 1020 2616 a
1046 2583 1190 2616 dicendi
1215 2584 1457 2616 necessitatem
1497 2592 1528 2614 v.
1566 2584 1588 2621 ἓ
1616 2580 1671 2613 15:
1698 2582 1741 2613 ci·

268 2630 432 2664 borum...
458 2630 677 2662 necessitate.
704 2647 746 2654 -
773 2631 945 2662 materias
970 2629 1146 2671 dir-idere,
1172 2627 1429 2661 naturalmcnte
1454 2637 1515 2671 per
1539 2626 1597 2671 piu
1615 2625 1744 2671 gion-ni,
