1887 2901
232 121 306 160 134
440 130 570 158 effu-r
598 131 635 156 v.
665 120 685 165 ἓ
717 116 893 164 14-2‘2;
924 129 980 155 v1.
1013 118 1034 163 g
1065 116 1186 163 1—7;
1216 128 1286 154 vn.
1315 117 1336 161 ξ
1367 114 1493 152 1-12

277 215 330 248 14.
355 215 446 249 dum
469 214 649 248 adulescit
669 214 858 258 profectus
882 212 948 246 ΑΞ.
973 212 1063 245 dum
1087 211 1268 246 adolescet
1289 213 1463 246 iuuentus
1487 209 1552 244 A3.
1573 228 1616 236 -—
1639 209 1707 254 ΑΞ,

231 272 301 306 A3:
327 283 422 317 quae
445 272 695 305 inuentionem

276 327 329 361 17.
355 328 427 362 A2:
453 327 691 371 adsuefacere
726 324 796 359 A3:
823 326 1052 369 assuefacere

277 383 328 418 18.
355 384 423 424 A2,
450 382 524 417 A3:
550 385 673 427 portio
707 382 847 415 latroni
881 391 949 415 om.
977 380 1027 414 M.
1051 399 1095 407 —
1121 380 1418 424 transferrentur
1443 379 1506 413 A3.
1544 380 1703 423 transfe-

230 445 363 474 rentur
388 439 453 472 A2.
1626 460 1633 482 l

275 495 329 529 20.
356 496 424 529 A2:
451 494 662 528 derectorz'is
697 492 766 526 A3:
793 492 1003 526 delectionis
1025 511 1068 518 —
1092 492 1179 525 satis
1204 501 1306 524 nosse
1324 491 1388 524 Αἰ).
1414 490 1486 524 A3:
1505 491 1579 524 litis
1603 500 1707 523 nosce

274 551 329 585 21.
355 552 508 585 idoneus
526 549 590 584 A3.
616 550 648 583 si
673 550 825 582 idoneus
846 549 908 581 ΑΞ).
939 547 1038 581 Hild:
1064 549 1094 581 is
1111 548 1262 581 idoneus
1286 550 1492 590 eongettura
1509 546 1564 581 del
1590 546 1706 580 Halm.

275 608 328 641 22.
355 608 558 642 substinere
583 606 647 639 A3.
674 606 851 639 sustineri
876 604 939 637 Α2.
967 624 1006 629 -
1034 604 1097 643 ΑΞ,
1125 603 1195 637 A3:
1220 603 1383 636 recidere

276 697 335 731 vl.
355 717 396 724 —
415 696 444 730 1.
472 696 542 729 A2:
562 706 725 729 uacuum
743 696 857 728 otium
869 695 1020 738 patitur
1036 693 1104 727 A3:
1137 694 1249 727 uacui
1273 693 1336 726 hec
1352 691 1428 735 (sic)
1445 693 1708 736 experientiam

275 755 307 786 2.
332 753 430 799 quod
454 752 610 792 Meister,
642 751 783 795 Kriiger
806 761 825 784 e
850 750 1028 784 Peterson.
1069 760 1162 795 quae
1187 749 1250 790 A2,
1276 749 1340 783 A3.
1375 748 1468 787 Hild,
1493 759 1558 783 con
1583 748 1707 783 Halm:

231 809 472 843 inhaerent
499 818 614 852 quae
653 807 843 840 laxantur.

276 864 307 898 4.
334 866 399 904 A‘2,
425 865 496 898 A3:
524 870 646 898 tamen

276 921 307 955 5.
332 922 481 965 reyredi
506 920 569 959 ΑΒ,
600 919 669 960 ΕΡ,
708 918 919 952 Hild-Halm
957 929 976 952 e
1008 917 1163 952 Meister.
1209 917 1332 952 redire
1361 918 1425 957 A2,
1461 917 1629 951 Peterson
1665 916 1708 951 da
1769 947 1777 951 .
1848 932 1853 938 -

232 978 314 1012 altri
339 988 420 1011 mss.

277 1034 309 1067 6.
335 1034 400 1072 Α2,
427 1033 501 1066 Α3;
527 1033 638 1066 (1ονηῆ

276 1090 307 1123 7.
334 1090 400 1130 A2,
425 1089 495 1122 A3:
521 1095 721 1133 utrumque
769 1087 923 1127 Meister,
950 1086 1088 1131 Kriiger
1113 1097 1131 1121 e
1157 1087 1344 1121 Peterson:
1372 1088 1559 1132 utrimque
1605 1085 1707 1120 Hild-

233 1145 337 1180 Halm
361 1145 428 1188 (col
455 1145 615 1187 Gesner):
644 1150 841 1188 utcumque

278 1234 353 1269 Vll.
377 1255 421 1260 —-
447 1234 476 1267 1.
503 1234 572 1267 Ae:
594 1235 742 1278 primus
767 1233 856 1278 quid
881 1233 1043 1276 amplius
1091 1232 1164 1266 A3:
1184 1233 1332 1276 primus
1357 1231 1552 1267 senz'altro.

277 1292 309 1325 2.
335 1302 466 1332 vocem,
492 1292 687 1335 statimque
711 1291 743 1323 si
767 1300 840 1323 non
864 1295 1109 1323 succurratur
1128 1289 1321 1332 perituris,
1356 1299 1478 1323 moras
1503 1295 1538 1323 et
1570 1288 1711 1333 Krfiger

231 1359 251 1383 e
278 1348 454 1382 Peterson.
492 1358 612 1381 vocem
645 1347 850 1390 statimque,
875 1347 906 1379 si
928 1356 1002 1379 non
1030 1351 1287 1385 succurratur,
1319 1347 1501 1389 perituris
1531 1356 1653 1379 moras
1678 1352 1711 1380 et

233 1404 317 1438 Hild
342 1415 361 1439 e
386 1404 542 1438 Meister.

277 1461 308 1494 3.
328 1461 393 1501 A2‚
408 1461 478 1494 A3:
498 1461 615 1494 oratio
634 1465 674 1492 ut
692 1460 887 1503 quisquam
904 1459 950 1491 sit
996 1457 1135 1500 liniger
1152 1456 1236 1498 solo,
1253 1457 1309 1491 dal
1328 1458 1445 1492 Gertz:
1461 1465 1502 1491 ut
1515 1459 1710 1503 quisquam

233 1519 280 1551 sit
303 1523 428 1551 orator
451 1515 683 1562 aliquando?
709 1517 810 1548 mitto
835 1526 960 1548 casus:
986 1515 1121 1558 quid...
1146 1514 1269 1548 invece
1286 1514 1378 1548 della
1404 1514 1498 1560 vulg.
1524 1517 1570 1558 (v.
1597 1519 1709 1556 testo).

276 1575 307 1607 5.
334 1585 377 1607 ac
401 1574 603 1608 secundum
635 1577 669 1606 et
697 1572 865 1615 deinceps
898 1569 1108 1604 Hiid-Halm
1140 1581 1158 1604 e
1187 1570 1341 1604 Meister.
1381 1572 1472 1616 quid
1506 1572 1710 1605 secundum

233 1642 276 1665 ac
301 1631 335 1664 d.
362 1630 528 1664 Peterson
557 1629 599 1662 da
625 1639 671 1661 un
702 1639 765 1660 ms.
801 1627 871 1660 A2:
895 1638 938 1661 ac
962 1627 1163 1660 secundum
1187 1637 1230 1660 ac
1253 1627 1420 1672 deinceps
1458 1627 1526 1662 A3:
1552 1629 1712 1673 quidque

232 1687 434 1721 secundum
459 1692 493 1720 et
516 1686 560 1719 de
584 1686 796 1729 confusione
821 1684 879 1726 (de
903 1683 921 1717 ὲ
946 1694 1048 1718 senza
1066 1683 1194 1717 dubbio
1211 1683 1235 1717 il
1261 1683 1434 1729 principio
1458 1683 1492 1717 di
1517 1685 1712 1730 deinceps.)

276 1743 308 1777 6.
334 1744 394 1777 via
412 1743 515 1781 dicet,
534 1743 689 1775 ducetur
705 1740 917 1774 Hild-Halm
943 1751 961 1774 e
980 1739 1157 1773 Peterson.
1184 1742 1242 1773 via
1268 1741 1433 1780 ducatur,
1450 1741 1545 1775 dicet
1567 1741 1712 1776 Meister

232 1799 471 1834 coll'Eussner
495 1799 607 1841 (Neue
632 1797 775 1831 Jahrbb.
801 1797 824 1830 f.
851 1796 958 1831 klass.
977 1795 1070 1829 Phil.
1091 1795 1150 1829 131
1171 1808 1202 1841 p.
1220 1796 1314 1839 616),
1339 1796 1586 1842 trasposizione
1603 1802 1711 1842 punto

233 1855 444 1895 necessaria,
477 1866 574 1889 corne
609 1855 652 1887 ha
684 1854 892 1887 dimostrato
925 1852 948 1885 il
982 1852 1119 1886 Becher
1155 1853 1192 1886 in
1221 1853 1350 1887 Philol.
1377 1853 1473 1887 XLV
1499 1865 1531 1898 p.
1557 1853 1711 1889 722-723

232 1913 310 1955 (cfr.
337 1912 384 1945 Β]
411 1923 441 1956 p.
467 1913 488 1945 9
518 1922 536 1945 e
571 1910 649 1944 Hirt
679 1910 761 1943 JVB
794 1909 879 1943 XIV
906 1921 936 1954 p.
962 1909 1029 1951 57).
1067 1909 1092 1942 11
1120 1909 1291 1943 Kiderlin
1312 1909 1454 1953 (Rhein.
1481 1911 1570 1944 Mus.
1597 1911 1711 1945 XLVI

234 1968 318 2002 1891
347 1979 378 2013 p.
398 1967 557 2013 [23-]24)
581 1978 750 2001 conserva
777 1966 809 1999 la
827 1965 960 2000 lenione
985 1966 1088 2004 dicet,
1114 1967 1268 1999 ducetur
1293 1978 1349 2000 ina
1368 1966 1469 2001 vuole
1494 1967 1712 2012 aggiungere

233 2030 333 2058 certa
358 2025 447 2069 dopo
471 2025 585 2063 serie3
610 2023 635 2057 il
664 2024 799 2057 Bonnet
825 2023 925 2065 (Rev.
952 2022 994 2056 de
1019 2021 1140 2067 philol.
1168 2022 1251 2056 XVI
1288 2023 1373 2056 1892
1398 2035 1429 2068 p.
1458 2023 1535 2067 170)
1560 2035 1713 2069 propone

234 2083 293 2115 via
319 2082 424 2121 dicet,
450 2086 574 2114 utetur
597 2080 734 2123 (invece
759 2079 792 2112 di
819 2080 1030 2122 ducetur)...
1059 2078 1102 2112 da
1128 2079 1182 2112 cui
1211 2079 1243 2112 fa
1269 2079 1456 2124 dipendere
1481 2091 1608 2115 rerum
1634 2083 1713 2126 ipsa

233 2139 328 2173 serie
352 2137 450 2172 velut
474 2139 565 2171 duce
614 2137 684 2170 Α2;
711 2138 774 2170 uia
799 2137 903 2170 ducet
927 2136 1082 2169 ducetur
1132 2135 1200 2169 A3:
1230 2137 1267 2169 ui
1291 2136 1437 2171 adiiciet
1461 2137 1616 2171 ducetur

280 2194 312 2229 8.
335 2194 493 2239 paulum
521 2194 585 2227 ΑΞ.
619 2193 688 2227 A3:
716 2193 914 2237 paululum
942 2212 984 2217 -—
1011 2192 1064 2225 A?
1088 2203 1154 2225 om.
1181 2203 1218 2226 os
1267 2193 1320 2226 A3
1345 2204 1412 2226 om.
1438 2204 1475 2227 os
1499 2195 1570 2228 coit

278 2252 310 2286 9.
337 2251 533 2285 elocutioni
559 2250 621 2284 A3.
661 2250 713 2283 Α2
738 2260 806 2283 om.
843 2269 885 2273 —
922 2249 1170 2283 observatione
1196 2261 1269 2282 una
1306 2249 1452 2284 Meister
1484 2261 1502 2285 e
1534 2250 1713 2285 Peterson.

235 2315 486 2349 observatione
510 2312 622 2346 simul
649 2311 870 2345 llud-Halm.
905 2311 973 2344 Ae:
998 2312 1289 2345 obseruationem
1314 2314 1352 2345 in
1379 2298 1470 2346 liina
1506 2314 1575 2348 A3:
1601 2314 1715 2348 obser·

237 2373 426 2406 uationurn
452 2381 526 2403 una

284 2428 334 2463 13.
367 2428 595 2472 superfluere
630 2426 740 2464 video,
773 2436 851 2458 cum
888 2436 926 2457 ro
959 2425 1066 2469 qnod.
1093 2427 1124 2457 si
1162 2425 1349 2460 Peterson.
1375 2436 1393 2459 e
1429 2426 1565 2460 Becher
1588 2425 1716 2469 (1891),

238 2485 262 2520 il
287 2484 392 2530 quale
417 2484 528 2529 prima
553 2482 660 2517 (Phil.
680 2482 811 2516 Rnnds.
841 2481 883 2514 111
914 2481 998 2515 1883
1024 2493 1055 2514 n.
1086 2482 1126 2515 15
1152 2494 1181 2526 p.
1211 2482 1275 2514 168
1299 2494 1317 2516 e
1343 2493 1469 2517 ancora
1496 2483 1531 2517 in
1550 2482 1597 2516 Β]
1623 2495 1654 2528 p.
1672 2483 1715 2517 32

240 2553 259 2576 e
282 2541 340 2585 43)
371 2552 480 2575 aveva
506 2545 679 2574 accettato
706 2538 737 2572 ln
766 2539 897 2572 lenione
923 2538 975 2571 del
998 2539 1098 2571 Halm
1119 2551 1143 2571 s.
1175 2540 1292 2572 m'de'o:
1317 2540 1446 2584 qundsi
1468 2540 1546 2582 (cfr.
1578 2539 1615 2573 P.
1642 2539 1715 2574 R.l

243 2597 328 2634 1881
358 2609 390 2632 n.
416 2597 455 2631 51
483 2609 514 2644 p.
546 2597 653 2640 1628).
680 2597 844 2631 videmus
879 2597 1122 2642 superfluere:
1156 2608 1237 2630 cum
1266 2607 1304 2630 eo
1334 2597 1441 2643 quod,
1465 2598 1496 2630 si
1531 2595 1674 2632 Meister
1698 2606 1718 2634 θ
