1887 2901
733 81 864 109 οΑΡυτ
893 84 920 109 1.
952 73 973 119 ἕ
1001 71 1103 108 4-7
1579 74 1648 112 121

179 175 212 210 p.
235 163 303 206 61).
339 163 496 198 Secundo
527 163 552 197 il
584 164 753 200 Peterson
785 177 816 210 p.
843 165 908 200 186
934 178 952 199 «
977 167 1070 201 forse
1101 167 1134 201 la
1161 178 1242 202 vera
1276 167 1410 203 lezione
1443 171 1511 213 put>
1540 181 1655 205 essere

179 232 212 254 a.
238 231 268 255 o.
286 219 438 265 prodest
463 232 492 255 ss.

264 277 482 321 proximum
499 277 631 311 deinde
648 279 815 318 imitatio,
832 279 1071 312 novissimum
1094 281 1278 314 scribendi
1301 291 1443 326 quoque
1459 282 1652 325 (liliyentia

178 333 357 368 Peterson.
377 343 415 377 p.
432 332 466 366 d.
492 333 647 368 imitatio
671 339 732 371 est,
749 335 1036 368 novissimum
1066 335 1146 368 Hild
1170 347 1189 370 e
1215 336 1379 375 Meister:
1404 347 1540 382 appena
1558 338 1576 372 e
1595 348 1649 371 ne·

177 388 330 423 cessario
351 388 528 422 avvertire
544 388 610 423 che
628 392 846 433 proximum
870 401 889 423 0
915 391 1163 427 novissimum,
1188 391 1219 425 ci
1239 391 1290 425 sia
1315 403 1335 425 0
1360 402 1462 426 meno
1487 398 1549 432 est,
1566 403 1651 427 sono

179 443 269 478 usati
292 443 615 479 sostentivamente.
635 446 853 489 proximum
871 445 1002 479 deinde
1018 446 1135 479 multa
1155 446 1256 480 lectio
1283 453 1344 485 est,
1360 449 1601 481 novissimum

175 503 383 545 congettura
408 499 464 534 del
489 499 627 534 Gemoll
651 501 688 534 in
713 500 841 535 Woch.
869 502 892 534 f.
917 501 1024 535 klass.
1050 501 1141 535 Phil.
1164 502 1248 536 1887
1268 514 1300 536 n.
1319 502 1373 541 37,
1400 507 1574 537 accettata
1592 504 1649 537 dal

176 556 325 601 Krfiger,
351 558 433 601 pero
461 567 527 591 con
552 557 764 591 l'omissione
788 557 821 590 di
848 563 908 591 est.
929 559 1105 601 proxima
1128 559 1261 593 deinde
1284 560 1439 593 imitatio
1465 559 1565 605 [est]‚
1588 571 1651 593 no-

175 614 324 646 vissima
398 613 453 647 del
479 613 638 648 Kiderlin
662 615 707 655 (v.
735 613 813 646 Hirt
844 613 926 647 «ΝΒ
954 613 1036 647 XIV
1062 625 1092 659 p.
1119 613 1163 647 60
1187 626 1206 649 e
1231 625 1282 653 n.;
1315 615 1378 648 cfr.
1403 615 1532 649 Rhein.
1557 616 1648 649 Mus.

175 667 290 702 XLVI
326 668 409 703 1891
441 681 472 714 p.
499 669 541 703 10
564 681 582 704 e
608 672 666 712 n.).
700 671 920 713 proximum
947 670 981 703 d.
1008 671 1258 709 imitationem.
1291 672 1530 705 novissimum
1563 683 1588 705 s.
1616 684 1647 716 q.

174 725 406 769 diligentiam
437 725 569 759 sottint.
595 736 669 760 esse
699 725 754 760 del
780 725 925 770 Maehly
962 729 1008 767 (v.
1035 726 1170 761 Becher
1194 726 1242 759 Β]
1277 738 1310 771 p.
1336 727 1379 760 26
1410 738 1429 761 e
1455 727 1533 761 Hirt
1564 727 1646 761 JVB

174 779 259 815 XIV
285 792 316 826 p.
340 781 408 823 61).
439 783 653 825 ρνοετίνηανη
681 781 812 816 deinde
844 784 1082 816 imitationemv
1116 784 1357 816 nouissimam
1388 794 1530 828 quoque
1552 785 1645 817 scri-

174 838 282 872 bendi
312 837 544 882 diliyentiam
569 838 624 872 A3
655 848 674 871 e
699 837 769 872 cosi
795 838 893 882 quasi
929 838 1008 871 tutti
1034 838 1085 882 gli
1110 839 1191 872 altri
1217 850 1297 872 mss.
1323 839 1434 882 (salvo
1466 841 1649 874 scribendi

173 896 338 938 quoque),
374 894 506 928 lezione
535 894 647 928 donde
679 894 715 927 fu
747 898 852 927 tratta
883 894 938 927 dal
979 894 1080 928 Halm
1117 895 1233 939 quella
1268 895 1405 939 seguita
1439 896 1481 929 da
1516 896 1595 929 Hild
1627 907 1646 930 e

174 950 328 984 Meister.
354 962 410 984 ma
435 957 485 984 est
510 962 591 995 pare
616 950 803 995 superfluo.

217 1006 249 1039 4.
268 1007 488 1051 procedente
512 1009 586 1040 iam
611 1017 716 1051 opere
739 1006 904 1040 Peterson
931 1006 973 1039 da
993 1018 1037 1040 un
1056 1018 1119 1040 ms.
1145 1018 1163 1041 e
1182 1007 1237 1041 dal
1265 1007 1408 1052 Regius.
1430 1009 1647 1052 procedente

173 1074 280 1107 opere
304 1065 388 1107 jam
426 1063 518 1096 Hild.
552 1064 770 1107 procedente
801 1065 875 1096 iam
909 1075 1015 1107 opere
1050 1066 1160 1097 etiam
1198 1064 1341 1098 Meister
1376 1070 1454 1102 (con
1485 1064 1640 1103 l'Osann;

172 1131 193 1151 v
232 1119 308 1153 llirt
333 1119 415 1153 JVB
441 1119 524 1153 XlV
549 1131 581 1164 p.
605 1119 673 1161 55).
696 1120 910 1163 procedente
936 1122 1009 1153 iam
1033 1131 1140 1163 opere
1165 1122 1238 1153 iam
1266 1121 1318 1154 ΑΒ
1342 1131 1405 1154 0οη
1433 1120 1466 1154 13
1485 1121 1645 1165 maggior

173 1181 270 1221 parte
295 1176 389 1220 degli
413 1175 494 1210 altri
519 1187 599 1210 mss.

263 1238 305 1266 ut
326 1233 464 1267 athleta
489 1232 543 1266 A3
566 1235 611 1275 (v.
638 1244 671 1266 n.
697 1233 793 1277 seg).

262 1301 334 1334 qua
359 1291 501 1322 ratione
524 1289 605 1322 tutti
630 1289 680 1333 gli
699 1289 807 1327 editt..
833 1289 964 1322 lezione
985 1288 1096 1322 difesa
1121 1289 1176 1322 dal
1203 1289 1338 1323 Becher
1363 1289 1412 1323 BJ
1437 1302 1468 1334 p.
1487 1291 1539 1324 39.
1566 1291 1645 1324 Hirt

172 1345 255 1378 JVB
282 1345 332 1379 lx
357 1357 388 1390 p.
414 1345 480 1379 313
505 1345 741 1389 preferirebbe
766 1356 839 1388 qua
864 1346 1122 1379 exercitatione
1161 1345 1320 1379 Kiderlin
1346 1345 1380 1379 in
1405 1345 1533 1381 Rhein.
1554 1347 1643 1380 Mus.

171 1401 286 1436 XLVI
314 1401 396 1436 1891
417 1412 448 1446 p.
469 1401 506 1434 11
534 1411 687 1445 propone
712 1412 785 1445 qua
812 1403 849 1434 in
867 1403 1156 1445 praeparatione
1192 1401 1334 1436 Benche
1362 1402 1420 1446 gia
1445 1407 1562 1437 recato
1586 1403 1643 1436 dal

170 1458 337 1492 Peterson
363 1468 395 1502 p.
423 1457 486 1491 187
511 1457 566 1490 val
594 1456 624 1490 13
652 1467 742 1502 pena
767 1457 800 1490 di
826 1457 996 1501 riportare
1012 1457 1072 1502 qui
1099 1462 1188 1491 tutto
1213 1457 1237 1491 il
1263 1458 1404 1502 periodo
1422 1458 1514 1492 nella
1532 1459 1642 1492 forma

169 1518 333 1560 proposta
357 1513 401 1547 da
425 1513 475 1547 lui
499 1513 706 1557 (Kiderlin):
732 1513 794 1547 sed
826 1519 874 1546 ut
897 1512 984 1556 (cosi
1009 1513 1076 1547 due
1101 1525 1197 1552 mss..
1222 1525 1242 1547 a
1266 1514 1323 1548 cui
1342 1526 1457 1549 vanno
1481 1515 1643 1560 aggiunti

168 1570 251 1605 altri
267 1570 346 1610 due,
362 1569 584 1605 collazionati
610 1569 665 1603 dal
692 1570 872 1609 Peterson,
896 1581 914 1603 e
940 1581 999 1604 ora
1026 1570 1091 1608 ΑΒ,
1116 1570 1195 1603 tutti
1215 1582 1232 1604 e
1251 1571 1377 1615 cinque
1395 1571 1449 1606 del
1475 1582 1541 1606 sec.
1560 1571 1643 1613 XV)

168 1627 319 1668 athleta,
343 1628 407 1672 qui
486 1637 670 1662 numeros.
696 1627 812 1659 multo
837 1628 870 1669 (o
895 1626 1073 1660 nonnullo
1085 1625 1113 1667 2)
1142 1628 1321 1671 uarioque
1340 1638 1476 1671 yenere
1499 1630 1640 1662 exerci-

170 1684 316 1718 tationis
340 1683 389 1716 ad
413 1694 489 1727 c.p.
516 1684 608 1717 erit
631 1684 691 1722 (sit
715 1682 849 1723 imss.),
876 1684 942 1716 ita
966 1684 1029 1725 (un
1055 1694 1129 1723 ms„
1154 1694 1174 1716 a
1191 1683 1247 1717 cui
1264 1694 1349 1717 sono
1365 1683 1406 1717 da
1425 1684 1642 1728 aggiungere

168 1739 250 1774 altri
275 1743 337 1778 tre,
362 1739 583 1773 collazionati
608 1738 663 1772 dal
691 1739 869 1777 Peterson,
895 1749 913 1772 e
937 1749 1066 1773 ancora
1092 1739 1160 1782 A3)
1183 1750 1278 1779 eum,
1303 1742 1367 1784 qui
1383 1744 1643 1784 perceperit,

170 1799 412 1836 instruamus,
449 1807 520 1840 qua
554 1798 592 1828 in
624 1796 947 1839 praeparatione
983 1796 1070 1839 (qua
1110 1797 1147 1828 in
1183 1797 1346 1829 oratione
1378 1795 1389 1829 i
1425 1807 1517 1835 mss„
1542 1807 1637 1831 com-

167 1863 268 1898 preso
292 1854 347 1886 ΑΒ
371 1852 419 1897 [lo
437 1852 556 1886 Scholl
581 1852 618 1885 in
642 1851 772 1885 Rhein.
789 1852 879 1885 Mus.
906 1851 1065 1885 xxxlv
1093 1852 1180 1885 1879
1203 1863 1234 1896 p.
1253 1852 1296 1885 85
1320 1852 1421 1886 crede
1446 1853 1474 1886 si
1494 1864 1641 1897 possano

166 1909 386 1944 considerare
411 1908 442 1943 le
468 1908 586 1954 parole
611 1910 649 1941 in
673 1909 837 1942 oratione
860 1918 958 1942 come
983 1919 1029 1941 un
1054 1908 1265 1953 glossema])
1290 1909 1388 1953 quod
1412 1909 1584 1943 didicerit

163 1968 286 2011 possit.
310 1968 357 2009 (v.
384 1977 415 2010 p.
442 1965 547 1998 11-13
573 1964 608 2008 [e
634 1964 666 1998 la
692 1965 937 2008 Anmerkzmq
961 1963 1031 1997 alla
1068 1976 1100 2009 p.
1128 1965 1165 1997 11
1193 1964 1229 1998 in
1261 1965 1358 1999 Neue
1395 1965 1480 2009 phil.
1506 1965 1639 1999 Runds.

168 2022 256 2057 1892
280 2033 311 2056 n.
338 2023 356 2054 4
383 2033 414 2066 p.
439 2021 516 2066 58];
553 2021 578 2054 il
603 2019 770 2065 sempliee
802 2020 989 2060 riassunto,
1015 2031 1076 2065 per
1099 2025 1230 2065 quanto
1254 2021 1369 2061 breve,
1402 2022 1640 2066 occuperebbe

166 2085 288 2124 troppo
312 2079 440 2123 spatio,
465 2089 483 2111 e
501 2077 620 2111 dovrei
645 2076 758 2110 anche
783 2076 991 2111 riassumere
1016 2076 1050 2110 la
1075 2088 1105 2121 p.
1133 2076 1190 2111 cit.
1216 2076 1272 2111 del
1296 2077 1488 2118 Peterson).

209 2136 242 2170 5.
266 2146 339 2169 non
367 2134 431 2170 Α3.
456 2133 537 2167 Hild
562 2144 628 2167 con
655 2133 774 2166 Halm:
799 2144 892 2166 num
907 2134 988 2167 dato
1013 2132 1108 2167 dalla
1132 2133 1293 2178 maggior
1310 2139 1408 2178 parte
1433 2134 1488 2168 dei
1515 2146 1594 2167 mss.
1620 2145 1639 2169 e

163 2191 409 2241 che‚‚secondo
428 2191 449 2223 il
477 2190 637 2223 Kiderlin
663 2189 698 2223 in
727 2189 822 2223 Neue
841 2189 927 2233 phil.
952 2189 1193 2223 Runds.1892
1219 2201 1250 2222 n.
1268 2189 1289 2223 3
1314 2202 1346 2234 p.
1363 2190 1418 2227 37,
1445 2202 1463 2222 «
1482 2191 1640 2225 verdient

164 2247 346 2283 vielleicht
370 2246 498 2292 gerade
515 2245 661 2280 deshalb
679 2245 745 2279 den
762 2245 911 2290 Vorzug,
927 2245 1007 2280 weil
1033 2256 1071 2280 es
1086 2245 1148 2279 das
1166 2246 1514 2289 Ungewohnlichere
1539 2247 1583 2280 ist
1607 2260 1639 2287 »‚

163 2305 319 2349 ragione.
343 2308 486 2339 cotesta,
511 2302 577 2336 che
602 2313 669 2336 non
696 2302 743 2335 mi
769 2303 905 2336 sembra
933 2302 1039 2335 molto
1065 2302 1306 2336 convincente.

206 2361 238 2394 7.
263 2360 385 2395 solitos
409 2370 446 2394 se
462 2360 582 2393 dicere
601 2358 665 2392 A3.
689 2361 761 2393 scio
777 2358 900 2392 solitos
917 2359 1076 2392 ediscere
1101 2358 1235 2393 Becher
1260 2369 1388 2393 ancora
1407 2359 1441 2392 in
1460 2359 1508 2392 Β]
1534 2371 1566 2404 p.
1583 2359 1639 2399 31,

161 2429 181 2453 e
208 2417 299 2452 Hild.

251 2484 322 2519 quo
347 2473 444 2506 idem
470 2472 563 2516 vulg.
589 2471 687 2516 quod
711 2471 807 2505 idem
824 2471 889 2505 A3.
916 2471 1005 2510 Hm,
1029 2470 1095 2505 che
1121 2482 1230 2505 aveva
1256 2471 1314 2515 gia
1332 2471 1530 2505 dichiarato
1554 2471 1636 2505 JVB

162 2529 211 2564 lx
238 2542 269 2574 p.
295 2529 361 2563 313
391 2529 423 2561 di
452 2528 619 2573 prefer-ire
653 2528 686 2561 la
711 2527 822 2572 prima
850 2528 992 2565 lezione,
1030 2528 1087 2572 pisi
1115 2528 1202 2561 tardi
1229 2527 1374 2562 affermo
1399 2527 1424 2560 il
1450 2528 1636 2567 contrario.

162 2588 207 2622 ib.
234 2586 316 2620 xlv
343 2598 375 2632 p.
399 2586 453 2619 52.
480 2584 604 2618 Anehe
630 2583 766 2618 Becher
791 2584 893 2629 legge
918 2585 1014 2629 quod
1039 2584 1134 2617 idem
1158 2586 1205 2627 (v.
1238 2583 1285 2617 BJ
1311 2596 1340 2629 p.
1367 2582 1435 2620 31).
