1887 2901
24 0 663 67 fflfflffltsswrwffi-f“v'
890 0 947 19 7⁶

665 127 798 155 CAPUT
825 126 884 156 111.
917 117 938 163 ξ
964 114 1070 154 2-4
1560 113 1612 151 77

135 195 376 248 anctoritate
405 200 625 245 coniunxit.
658 201 923 244 Scribendum
954 213 1048 256 ergo
1078 212 1200 254 quam
1233 197 1548 255 diligentissime
1571 199 1612 240 et
1635 201 1658 234 2

137 283 259 325 quam
291 268 529 324 plurimum.
562 266 666 308 Nam
699 267 746 308 ut
782 268 890 308 terra
920 266 1001 307 alte
1042 265 1189 306 refossa
1219 263 1459 319 generandis
1501 263 1613 304 alen-

137 334 280 387 disque
300 331 524 374 seminibus
555 330 763 372 fecundior
793 330 852 380 fit,
882 331 939 371 sic
970 329 1170 383 profectus
1201 341 1277 370 non
1309 341 1333 369 a
1363 340 1522 369 summo
1549 340 1613 381 pe·

137 397 241 438 titus
270 395 497 437 studiorum
529 395 684 437 fructus
713 394 885 437 effundit
922 394 1086 435 uberius
1131 396 1171 434 et
1217 393 1379 434 fidelius
1419 392 1609 434 continet.

139 461 244 503 Nam
275 461 360 502 sine
391 461 465 501 hac
497 460 659 513 quidem
692 459 936 501 conscientia
966 459 1054 511 ipsa
1083 458 1158 498 illa
1180 470 1224 498 ex
1246 459 1424 510 tempore
1451 455 1610 497 dicendi

139 524 313 567 facultas
343 526 503 565 inanem
552 524 665 565 modo
709 523 998 576 loquacitatem
1040 522 1154 563 dabit
1183 524 1223 563 et
1264 521 1383 562 verba
1413 520 1453 561 in
1486 520 1612 561 labris

139 589 356 631 nascentia.
390 588 481 629 Illic
513 588 680 631 radices.
711 587 799 629 illic
831 587 1093 628 fundamenta
1129 587 1236 634 sunt,
1267 585 1355 626 illic
1376 597 1469 639 opes
1499 584 1611 625 velut
1635 594 1657 629 3

139 653 337 695 sanctiore
382 652 554 705 quodam
602 653 754 693 aerario
799 651 996 694 conditae.
1028 651 1134 691 unde
1178 649 1228 690 ad
1267 649 1422 691 subitos
1453 661 1611 702 quoque

138 729 268 767 casus,
290 729 382 758 cum
415 729 477 758 res
508 717 652 771 exiget,
685 716 950 769 proferantur.
985 715 1101 757 Vires
1122 715 1320 756 faciamus
1351 715 1442 754 ante
1463 713 1610 761 omnia,

139 793 242 835 quae
273 781 479 822 sufficiant
524 781 649 822 labori
698 781 965 821 certaminum
998 782 1038 821 et
1069 792 1144 820 usu
1185 791 1261 820 non
1308 777 1609 819 exhauriantur.

139 845 254 887 Nihil
287 846 395 886 enim
428 858 561 886 rerum
593 846 678 898 ipsa
701 848 844 885 natura
867 845 996 886 voluit
1027 856 1218 898 magnum
1242 842 1346 884 effici
1379 842 1471 890 cito,
1498 854 1611 895 prae-
1635 858 1655 891 4

139 910 353 964 posuitque
376 909 648 963 pulcherrimo
675 910 822 961 cuique
843 910 948 962 operi
973 907 1281 949 difficultatem:
1304 919 1406 959 quae
1422 905 1610 947 nascendi

139 986 298 1027 quoque
329 975 430 1015 hanc
462 974 600 1015 fecerit
631 973 775 1027 legem,
819 974 864 1014 ut
888 974 1039 1014 maiora
1079 972 1274 1014 animalia
1305 971 1462 1012 diutius
1493 971 1609 1012 visce-

142 1039 256 1080 ribus
288 1038 464 1092 parentis
494 1038 806 1078 continerentur.

198 1101 277 1145 Sed
307 1115 400 1144 cum
447 1102 501 1143 sit
545 1101 691 1155 duplex
737 1103 933 1154 quaestio,
964 1114 1042 1155 quo
1087 1101 1203 1142 modo
1234 1103 1274 1142 et
1304 1112 1407 1154 quae
1438 1100 1610 1141 maxime

137 1211 339 1248 coniunxit,
365 1209 489 1243 Crasso
515 1211 569 1244 nei
596 1211 674 1243 libri
701 1211 744 1244 de
783 1209 934 1244 Oratore
959 1211 977 1244 e
1003 1210 1026 1242 il
1053 1214 1339 1254 rappresentante
1364 1220 1383 1243 e
1408 1209 1432 1242 il
1457 1208 1607 1242 sosteni-

138 1259 212 1290 tore
236 1254 326 1289 delle
351 1255 507 1299 opinioni
532 1255 566 1288 di
591 1255 769 1289 Cicerone.
788 1255 934 1289 relative
959 1254 1220 1299 all'eloquenza.
1240 1275 1280 1279 —
1307 1255 1341 1288 2.
1362 1254 1435 1288 alte
1461 1256 1611 1297 refossa,

138 1311 157 1334 e
181 1300 303 1344 quindi
327 1300 392 1333 che
419 1300 462 1333 113
487 1300 653 1334 richiesto
679 1300 785 1333 molto
810 1300 939 1334 lavoro.
964 1311 1062 1334 come
1087 1305 1242 1344 appunto
1260 1299 1414 1333 richiede
1433 1298 1466 1332 lo
1483 1298 1608 1332 studio.

139 1349 229 1390 App.
247 1349 323 1378 crit.
341 1364 381 1369 —
406 1345 457 1387 fit,
484 1347 571 1389 App.
591 1346 666 1379 crit.
691 1366 721 1369 -
750 1347 947 1389 profectus.
973 1353 981 1363 *
997 1345 1134 1388 profitto
1150 1345 1168 1379 ‘.
1194 1351 1201 1363 ‘
1217 1344 1421 1389 progresso*
1445 1346 1493 1386 (v.
1518 1348 1609 1377 sotto

138 1393 162 1432 ἓ
190 1390 254 1429 15),
278 1390 478 1434 significato
501 1390 567 1423 che
593 1401 660 1423 non
692 1390 734 1422 ha
761 1401 886 1424 ancora
922 1391 956 1423 in
981 1389 1161 1423 Cicerone.
1189 1409 1223 1413 —
1246 1401 1267 1421 α
1292 1399 1445 1426 summo,
1479 1400 1497 1419 <‹
1515 1388 1609 1421 dalla

137 1434 323 1479 superficie
335 1447 353 1466 ›
372 1437 448 1477 (cfr.
466 1434 498 1472 7,
516 1434 583 1476 28>z
610 1440 769 1479 per-tanto
788 1446 858 1468 uon
877 1447 898 1463 rr
915 1445 1059 1468 summo
1080 1435 1229 1479 peficus,
1246 1439 1333 1468 ‘non
1358 1445 1397 1467 su
1424 1432 1608 1468 erficiale'.

138 1479 206 1513 Per
231 1490 300 1513 una
328 1480 498 1514 metafora
531 1480 646 1514 simile
672 1492 702 1512 v.
731 1480 752 1513 l.
778 1481 808 1513 3.
833 1479 920 1513 5.-
945 1480 1113 1523 effundit,
1134 1481 1221 1524 App.
1236 1479 1312 1512 crit.
1331 1499 1361 1502 —
1421 1490 1508 1512 ac...
1533 1489 1611 1512 con·

129 1526 298 1558 scientia.
323 1534 385 1568 per
407 1526 624 1558 conscientia
650 1525 758 1557 huius
784 1528 849 1567 rei,
873 1525 948 1558 cioe
976 1524 1068 1558 della
1098 1525 1189 1559 forza
1217 1524 1283 1558 che
1306 1523 1334 1557 si
1359 1523 1517 1568 acquista
1543 1534 1609 1557 con

138 1569 328 1603 l'esercizio
345 1569 436 1603 dello
454 1570 606 1604 scrivere
630 1581 738 1614 quam
759 1570 1037 1613 dili—oentissime
1061 1576 1095 1603 et
1118 1581 1227 1615 quam
1245 1570 1467 1613 plurimum.
1493 1569 1521 1603 E
1546 1569 1610 1602 fre-

138 1619 267 1659 quente
291 1614 327 1647 in
351 1614 460 1648 latino
485 1614 572 1648 l'uso
596 1614 800 1648 attributivo
825 1615 878 1648 del
907 1626 1071 1659 pronome
1094 1615 1216 1648 invece
1240 1614 1274 1647 di
1301 1625 1346 1647 un
1371 1613 1528 1658 genitivo
1552 1624 1610 1658 og-

136 1660 280 1704 gettivo.
307 1659 557 1704 specialrnente
592 1661 645 1693 coi
671 1660 853 1693 sostantivi
887 1671 994 1693 cura.
1015 1663 1127 1702 sama..
1160 1665 1286 1693 metus.
1316 1669 1406 1702 speS,
1436 1660 1608 1696 timor...;

137 1705 201 1737 cfr.
225 1703 385 1744 7‚19.—
411 1707 449 1737 in
475 1705 599 1748 labris,
616 1705 788 1738 ‘soltanto
870 1725 913 1729 —
983 1705 1017 1738 3.
1045 1705 1131 1738 illic.
1157 1706 1194 1737 in
1219 1704 1312 1740 stilo,
1337 1704 1423 1739 cioe.
1448 1706 1485 1737 in
1509 1714 1609 1739 exer-

135 1749 306 1782 citatione
336 1749 528 1782 scribendi.
561 1769 599 1774 -—
639 1750 779 1783 velut...
805 1750 976 1794 quodam,
1002 1761 1032 1781 v.
1060 1751 1088 1783 1.
1114 1749 1136 1782 5
1160 1760 1192 1781 n.
1222 1769 1255 1773 -
1294 1750 1519 1783 sanctiore...
1544 1759 1606 1783 ae-

136 1795 252 1834 rario,
277 1798 376 1837 parte
392 1793 447 1827 del
473 1799 586 1827 tesoro
605 1795 777 1837 pubblico.
797 1794 866 1827 alla
885 1794 988 1838 quale
1013 1794 1041 1827 si
1059 1795 1239 1837 attingeva
1266 1793 1458 1828 solamente
1483 1795 1517 1828 in
1535 1793 1608 1828 casi

137 1837 348 1872 eecezionali
381 1839 457 1873 (cfr.
482 1838 558 1872 Ces.
590 1839 630 1871 B.
656 1841 722 1872 civ.
749 1839 772 1873 l.
800 1839 849 1872 14.
880 1839 906 1875 1.
932 1850 950 1872 e
976 1839 1051 1872 Liv.
1079 1839 1227 1876 xxvii,
1258 1837 1306 1875 10,
1332 1838 1398 1881 11).
1424 1838 1473 1872 La
1498 1849 1607 1878 cassa,

137 1882 195 1916 noi
220 1883 402 1923 dir-emmo,
428 1894 486 1917 era
512 1889 717 1917 conservata
745 1884 778 1916 in
805 1895 850 1916 un
870 1889 1086 1918 sotter-veneo
1103 1883 1157 1917 del
1176 1883 1306 1927 tempio
1330 1883 1364 1916 di
1390 1883 1551 1918 Saturno.
1570 1905 1607 1909 —

136 1928 314 1962 subitos...
333 1939 449 1966 casus.
475 1939 505 1959 v.
531 1928 563 1965 7,
587 1929 626 1960 2:
651 1930 791 1962 subitae
816 1931 1050 1962 necessitates.
1079 1949 1103 1953 -
1142 1940 1210 1963 res.
1236 1928 1370 1962 ricorda
1395 1928 1461 1963 che
1485 1933 1606 1973 questa

136 1972 257 2018 ρει-013
281 1973 309 2006 si
335 1973 440 2007 rende
467 1973 499 2006 in
527 1973 671 2006 italiano
701 1974 735 2006 in
762 1974 849 2007 varii
880 1975 982 2007 modi.
1008 1993 1050 1999 —
1070 1976 1162 2007 vires
1186 1975 1382 2018 faciamus,
1406 1974 1468 2007 cfr.
1495 1978 1517 2015 ξ
1541 1973 1605 2007 28:

135 2017 329 2061 faciendus
362 2029 449 2051 usus
484 2029 502 2051 e
537 2018 569 2054 6,
594 2020 635 2049 3:
668 2019 880 2061 facienda
899 2021 1030 2062 forma.
1057 2038 1099 2044 —
1135 2020 1391 2061 certaminum,
1416 2030 1446 2051 v.
1474 2020 1504 2058 1,
1528 2019 1547 2051 4
1574 2029 1606 2053 n.

136 2073 158 2096 a
181 2062 332 2102 athleta,
356 2073 376 2096 e
409 2062 438 2097 1.
467 2062 550 2094 1062
582 2070 726 2106 puynat
749 2066 962 2097 acumine...
982 2083 1024 2089 —
1048 2070 1126 2097 et...
1152 2074 1234 2098 non.
1260 2075 1278 2097 e
1304 2073 1372 2096 non
1398 2063 1456 2107 gia
1481 2074 1607 2108 neque,

136 2106 266 2151 perche
290 2107 322 2139 la
348 2107 540 2151 negazione
564 2109 592 2140 si
619 2108 774 2142 riferisee
799 2109 950 2142 soltanto
975 2109 1006 2142 al
1035 2109 1160 2145 verbo:
1189 2109 1254 2143 cfr.
1281 2108 1312 2143 7,
1337 2107 1391 2141 33.
1412 2127 1454 2133 —
1494 2111 1530 2142 4.
1557 2119 1608 2141 re·

137 2163 223 2184 rum
247 2157 395 2186 natura.
420 2151 474 2184 ‘la
505 2156 625 2186 natura
643 2153 670 2186 ἐ
698 2153 769 2187 cosi
795 2157 817 2195 ,ξ
841 2154 894 2186 26.
924 2173 966 2179 -
987 2155 1313 2198 praeposuitque..
1339 2153 1606 2196 difficultatem,

135 2195 161 2229 il
184 2207 255 2242 que
279 2197 334 2230 nei
361 2198 523 2241 passaggi
550 2197 590 2230 da
617 2209 684 2231 una
714 2209 733 2231 a
764 2199 912 2232 un'altra
943 2199 1181 2243 proposizione
1206 2199 1294 2242 dopo
1321 2209 1388 2230 uua
1416 2199 1606 2242 negazione

137 2240 181 2274 ha
207 2246 351 2275 sovente
377 2243 493 2275 valore
518 2242 551 2274 di
577 2243 806 2287 opposizione.
841 2243 866 2276 ll
890 2244 1049 2288 pensiero
1073 2244 1131 2288 qui
1157 2253 1315 2288 espresso
1340 2242 1510 2276 richiama
1537 2243 1606 2276 alle

136 2286 256 2330 parole
279 2286 312 2319 di
344 2286 469 2319 Esiodo
499 2285 605 2330 ‹Opp.
633 2299 662 2319 v.
683 2287 781 2329 289):
808 2292 871 2330 τῆς
896 2291 926 2322 δ’
944 2291 1075 2330 ἀρετὴς
1101 2290 1238 2330 ἱδρῶτα
1263 2290 1334 2323 θεοὶ
1360 2289 1606 2330 προπάροιθεν

134 2333 280 2374 ἔθηκαν.
305 2331 376 2364 Cfr.
395 2332 466 2365 Sos.
492 2332 591 2364 fram.
617 2333 681 2365 :564
701 2333 767 2373 ,ΝΛ
793 2336 898 2368 οὗτοι
923 2336 1003 2367 ποθ’
1020 2335 1103 2374 ἅψει
1129 2338 1206 2367 τῶν
1224 2335 1345 2376 ἄκρων
1364 2334 1451 2368 ἄνευ
1476 2335 1604 2367 πόνου.

135 2375 224 2409 Vedi
248 2376 360 2410 anche
385 2376 482 2409 Ornz.
510 2378 585 2411 Ναί.
612 2377 634 2410 l.
659 2377 691 2415 9,
715 2377 826 2411 59-60
849 2389 868 2412 e
897 2379 936 2411 Α.
954 2378 995 2410 P.
1021 2379 1180 2411 412413.
1200 2398 1237 2402 —
1265 2387 1370 2422 quae,
1393 2388 1521 2411 rerum
1545 2389 1606 2410 nn-

135 2426 232 2454 tura.
250 2440 291 2445 —
309 2423 493 2463 nascendi,
518 2420 560 2454 da
579 2422 738 2456 tradiit-re
754 2433 818 2455 con
838 2434 882 2455 un
901 2424 1101 2456 sostantivo.
1120 2425 1352 2466 —parentis‚
1377 2422 1513 2456 ricorda
1538 2422 1605 2456 che

134 2465 237 2499 viene
261 2466 304 2499 da
324 2469 444 2510 pario.
470 2478 488 2499 e
512 2466 570 2510 qui
597 2467 614 2499 ὲ
633 2471 730 2500 usato
749 2468 784 2500 in
809 2479 910 2501 senso
933 2473 1087 2513 appunto
1104 2467 1340 2511 etiniolngico.
1361 2488 1396 2492 —
1415 2478 1509 2512 quae
1534 2479 1606 2500 ma-

133 2511 234 2544 xime
261 2512 371 2544 scribi
394 2517 565 2556 oporteat.
591 2511 623 2543 «li
652 2512 720 2545 tale
745 2513 925 2557 questione
950 2513 978 2546 si
1009 2518 1113 2546 tratta
1141 2514 1193 2546 nel
1222 2523 1308 2557 v-ripo
1325 2513 1365 2544 V.
1392 2532 1435 2539 -
1459 2523 1604 2556 sequar,

134 2555 432 2633 ⁶(neldtratteross
456 2561 464 2574 ⁴
479 2556 672 2592 discut-reri)
686 2557 716 2599 ';
745 2558 910 2592 ordinem
946 2569 990 2592 va
1015 2558 1165 2593 tradotto
1187 2569 1253 2592 eon
1277 2558 1468 2593 l'avverbio
1491 2558 1602 2592 corri-

133 2611 219 2644 spon
245 2605 336 2635 ente.
