1887 2901
636 155 767 182 estur
796 155 808 181 1
855 144 875 189 ξ
907 142 1112 180 102—104
1558 141 1609 180 53

138 231 346 286 quentem:
386 229 446 270 ita
480 241 584 282 quae
621 229 814 270 dicuntur
847 228 982 270 omnia
1021 240 1115 270 cum
1147 227 1278 277 rebus,
1309 228 1399 269 tum
1430 228 1609 281 personis

136 295 436 338 accommodata
466 297 581 335 sunt:
603 293 788 335 adfectus
809 292 974 346 quidem
995 292 1291 346 praecipueque
1312 304 1390 341 eos,
1413 292 1482 344 qui
1515 295 1609 333 sunt

138 359 350 408 dulciores,
372 360 420 399 ut
438 358 671 412 parcissime
693 357 839 406 dicam,
862 368 977 398 nemo
998 356 1281 397 historicorum
1313 355 1610 397 commendavit

139 423 281 478 magis.
314 422 488 475 Ideoque
519 421 792 463 immortalem
815 420 986 462 Sallusti
1010 420 1264 461 velocitatem
1298 419 1467 461 diversis
1488 419 1609 460 virtu-

139 488 251 530 tibus
281 488 517 528 consecutus
547 490 618 527 est.
652 486 756 527 Nam
787 485 889 526 mihi
920 485 1080 539 egregie
1120 484 1265 525 dixisse
1307 483 1467 525 videtur
1506 483 1562 525 Se
1574 496 1610 523 r-

139 551 305 593 vilius
335 551 624 599 Nonianus,
656 563 770 604 pares
810 562 874 591 eos
911 550 1042 604 magis
1081 561 1204 601 quam
1245 548 1423 594 similes,
1464 548 1531 600 qui
1570 549 1612 588 et

138 617 223 671 ipse
253 628 276 656 a
306 615 420 657 nobis
449 614 614 656 auditus
636 616 708 664 est,
739 615 873 655 clarus
903 614 941 654 vi
973 614 1126 667 ingenii
1158 614 1199 654 et
1229 613 1440 654 sententiis
1460 613 1610 661 creber,

138 679 208 722 sed
238 679 373 721 minus
409 692 568 732 pressus
607 691 730 732 quam
770 678 961 720 historiae
997 677 1217 718 auctoritas
1251 677 1441 730 postulat.
1479 676 1610 727 Quam

139 743 308 798 paulum
340 745 471 785 aetate
502 742 742 797 praecedens
772 755 865 783 eum
911 742 1103 783 Bassus
1147 740 1394 782 Aufidius
1438 741 1611 795 egregie,

139 809 281 861 utique
310 808 351 848 in
382 808 500 849 libris
532 807 637 848 Belli
669 807 905 856 germanici,
936 807 1154 860 praestitit,
1176 818 1319 861 genere
1350 805 1435 859 ipso
1470 806 1612 858 proba-

142 872 248 922 bilis,
279 873 320 913 in
352 873 536 926 partibus
567 871 811 925 quibusdam
832 872 915 912 suis
947 872 1030 924 ipse
1063 871 1217 912 viribus
1250 871 1390 912 minor.
1424 869 1614 923 Superest

143 1035 164 1056 a
190 1023 229 1056 T.
255 1022 372 1060 Livio:
407 1023 470 1056 cfr.
497 1025 585 1066 Ayr.
618 1023 674 1057 10:
699 1022 828 1056 Livius
862 1029 1033 1056 veterum.
1061 1023 1194 1056 Fabius
1220 1022 1391 1056 Rusticus
1415 1022 1615 1054 recentium

143 1067 432 1112 eloquentissimi
454 1074 642 1106 anctores‚·
665 1079 684 1102 e
709 1069 806 1101 Ann.
832 1067 890 1110 IV,
914 1068 970 1101 34:
1006 1068 1039 1100 T.
1061 1068 1197 1109 Livius,
1221 1068 1447 1111 eloquentiae
1509 1076 1615 1109 prae-

143 1113 270 1147 clarus
295 1116 333 1146 in
352 1114 499 1157 primis.
524 1132 566 1138 —
587 1114 764 1156 personis,
788 1123 854 1146 0011
879 1113 912 1146 10
936 1119 1044 1146 stesso
1069 1112 1267 1156 significato
1298 1112 1363 1145 che
1388 1111 1421 1144 al
1447 1114 1469 1152 g
1493 1110 1550 1144 97.
1574 1130 1615 1135 -

144 1158 311 1201 adfectus
393 1158 583 1196 dulciores,
608 1168 703 1196 sono,
728 1169 748 1191 a
772 1158 825 1190 dir
849 1158 931 1192 cosi.
957 1169 1026 1190 11113
1051 1158 1166 1201 specie
1201 1156 1294 1201 degli
1324 1157 1489 1199 adfectus
1512 1157 1616 1189 mites

143 1204 191 1245 (v.
216 1205 240 1244 g
264 1202 308 1236 48
333 1206 402 1243 11.);
438 1202 496 1236 noi
521 1202 668 1236 all'idea
704 1202 738 1235 di
764 1214 783 1234 «
800 1202 957 1236 doleezza
974 1215 992 1234 ›
1018 1202 1237 1236 sostituiatno
1261 1201 1377 1246 quella
1403 1201 1434 1233 di
1463 1213 1481 1232 «
1507 1200 1617 1245 genti·

145 1247 239 1281 lezza
256 1259 288 1279 ».
308 1266 339 1271 -
374 1253 414 1279 uc
433 1249 649 1290 parcissime
673 1247 803 1285 dicam,
821 1253 901 1291 ‘per
918 1258 1018 1280 usare
1036 1247 1068 1280 di
1088 1258 1156 1280 11113
1173 1246 1387 1290 espressionn¹
1406 1246 1525 1279 affatto
1547 1256 1616 1279 mo-

143 1291 294 1331 derata}
319 1291 376 1335 pin
403 1292 644 1326 brevemente:
670 1296 711 1325 ‘a
735 1291 788 1325 dir
813 1302 897 1336 poco
911 1292 929 1323 '.
955 1291 1027 1325 Cfr.
1051 1292 1126 1324 4.-1.
1143 1310 1187 1316 —
1203 1293 1480 1329 commendavit,
1496 1301 1612 1324 senso:

143 1336 281 1381 dipinse
305 1338 653 1370 coiixenientemente
670 1336 712 1370 ed
739 1337 1008 1370 efficacemente.
1038 1339 1126 1381 App.
1152 1336 1228 1369 crit.
1243 1355 1285 1361 —
1330 1337 1417 1370 102.
1433 1336 1614 1380 ideoque...

142 1386 354 1416 consecutus
378 1387 442 1424 est,
456 1381 607 1415 intendi:
626 1381 725 1415 Livio
743 1381 899 1425 aequisto
918 1393 978 1426 per
995 1381 1083 1414 altre
1099 1380 1231 1425 qualite
1251 1381 1426 1425 pregevoli
1447 1380 1478 1413 la
1504 1385 1614 1413 stessa

145 1426 259 1470 gloria
293 1425 359 1459 0110
386 1426 552 1459 Sallustio
577 1436 637 1470 per
662 1425 695 1459 13
721 1427 910 1463 velocitas:
935 1426 967 1459 la
992 1426 1095 1470 quale
1121 1431 1321 1459 veramente
1346 1436 1413 1458 non
1439 1425 1457 1458 0
1481 1425 1547 1459 0110
1572 1435 1619 1458 1111

147 1471 324 1504 sinonimo
348 1470 381 1502 di
410 1471 565 1505 brevitas
590 1472 626 1513 (a
651 1470 746 1515 rigor
769 1471 802 1504 di
831 1471 977 1505 termine
1002 1481 1046 1504 ne
1063 1471 1212 1515 esprime
1230 1471 1262 1504 la
1280 1481 1530 1514 conseguenzn:
1556 1470 1619 1503 cfr.

148 1515 250 1549 Oraz.
269 1515 344 1548 Sat.
371 1514 395 1554 1,
422 1515 474 1555 10,
499 1516 536 1547 9;
555 1522 607 1549 est
632 1516 859 1550 brevitate
882 1527 984 1560 opvs,
1010 1522 1050 1548 ut
1075 1522 1233 1549 currat
1257 1517 1450 1558 sentencia)
1475 1526 1493 1548 e
1518 1514 1620 1548 corri-

145 1559 279 1605 sponde
305 1559 405 1604 quasi
421 1560 492 1594 alla
509 1560 678 1595 cosidetta
703 1561 913 1595 concisione.
934 1563 1021 1605 App.
1036 1565 1110 1594 crit.
1129 1581 1169 1585 —
1196 1560 1454 1597 ivmnortalem,
1471 1570 1569 1593 come
1586 1558 1619 1592 al

142 1608 164 1647 g
191 1605 248 1642 56,
273 1616 331 1638 1113
355 1605 415 1649 qui
439 1617 478 1639 sa
502 1605 669 1650 alquanto
693 1606 727 1638 di
753 1606 876 1640 enfasi.
896 1627 916 1631 —
957 1606 1138 1639 servilius
1156 1605 1349 1639 Nonianus
1373 1604 1536 1641 (Servilio
1554 1604 1620 1637 No-

144 1650 278 1690 niano).
296 1654 410 1684 morto
427 1649 544 1684 l'anno
561 1650 606 1683 59
622 1661 642 1684 o
658 1650 702 1683 60
718 1651 749 1683 11.
767 1650 835 1686 Cr„
855 1662 955 1684 uomo
973 1651 1006 1683 di
1024 1650 1115 1684 bella
1135 1650 1227 1684 fama
1241 1651 1273 1683 al
1299 1661 1361 1683 suo
1379 1656 1505 1694 tempo.
1525 1650 1620 1682 detto

142 1695 186 1727 da
207 1694 328 1728 Plinio
353 1694 400 1728 N.
417 1695 463 1727 Η.
486 1695 541 1731 28,
565 1695 626 1729 29:
647 1697 820 1739 princeps
844 1697 1012 1734 civitatis,
1036 1706 1055 1728 e
1079 1696 1121 1729 da
1139 1695 1220 1729 Tac.
1239 1696 1335 1728 Ann.
1354 1695 1450 1734 xlv,
1471 1694 1528 1727 19:
1554 1694 1620 1727 diu

142 1741 238 1783 foro,
256 1750 345 1773 moa·
364 1740 554 1774 tradendis
571 1741 680 1774 rebus
704 1742 867 1774 romanis
891 1740 1050 1774 celebris.
1076 1760 1118 1764 --
1135 1741 1246 1776 nobis.
1260 1739 1394 1784 plurale
1412 1740 1620 1773 maiestatis.

143 1804 186 1808 -—
214 1784 368 1818 auditus
391 1791 455 1825 est,
473 1795 491 1817 3
507 1784 632 1821 Roma.
649 1785 736 1819 dove
760 1785 976 1826 Quintiliano
994 1785 1121 1819 rimase
1138 1786 1208 1818 fino
1225 1784 1378 1818 all'anno
1395 1784 1439 1818 59
1463 1795 1482 1818 o
1505 1783 1559 1817 60.
1577 1803 1619 1808 -—

148 1829 275 1861 clarus
372 1831 461 1874 App.
486 1829 562 1863 crit.
588 1849 630 1854 —
654 1831 840 1863 sententiis
866 1831 999 1864 creber.
1028 1831 1092 1863 cfr.
1128 1834 1150 1869 ,ξ
1174 1829 1233 1865 68:
1261 1831 1446 1863 sententiis
1470 1830 1621 1867 densum

144 1879 280 1917 quanto
305 1884 324 1906 3
349 1876 536 1908 sententiis
562 1885 592 1907 v.
618 1877 640 1916 ἓ
666 1874 719 1907 50.
745 1895 783 1898 -
806 1885 966 1919 pressus,
991 1875 1054 1907 cfr.
1080 1878 1101 1915 g
1126 1875 1169 1907 44
1195 1886 1226 1907 n.
1244 1895 1287 1899 —
1313 1876 1522 1911 auctoritas,
1551 1884 1618 1907 non

144 1929 188 1951 va
217 1917 370 1952 tradotto
395 1918 661 1953 letteralmente.
688 1939 726 1944 —
810 1920 896 1953 103.
922 1920 1057 1952 Bassus
1082 1920 1254 1964 Aufidius
1277 1920 1432 1961 (Aufidio
1449 1919 1575 1955 Basso:
1592 1918 1621 1951 si

143 1962 227 1996 badi
253 1962 324 1996 alla
348 1962 582 1998 collocazione
608 1974 675 1997 non
701 1963 848 1997 classica
873 1964 926 1998 del
953 1975 1122 2007 cognonie
1147 1964 1203 1999 1101
1229 1970 1316 1998 testo
1353 1964 1488 2005 latino),
1527 1963 1621 1997 detto

144 2007 188 2041 da
214 2007 361 2043 Seneca.
390 2007 456 2042 che
481 2008 514 2042 lo
539 2009 693 2042 conobbe
717 2008 904 2053 decrepito.
933 2012 989 2042 vir
1023 2012 1181 2052 optimus
1211 2009 1291 2053 (Ep.
1317 2009 1370 2045 30,
1399 2009 1429 2049 1)
1454 2020 1473 2043 e
1509 2008 1621 2042 anche

143 2052 184 2085 da
213 2052 338 2086 Tacito
362 2052 476 2095 (Dial.
501 2053 559 2096 23>
583 2053 756 2087 ricordato
787 2065 848 2098 per
874 2053 904 2087 13
930 2066 992 2087 sna
1017 2055 1217 2098 eloquenza,
1242 2054 1388 2087 insieme
1420 2065 1438 2086 a
1472 2053 1621 2087 Servilio

145 2097 322 2133 Noniano.
347 2097 400 2131 del
429 2097 533 2142 quale
558 2098 594 2131 su
631 2103 932 2143 contemporaneo.
959 2100 1090 2132 scrisse
1125 2099 1190 2133 due
1226 2110 1329 2144 opere
1364 2098 1528 2138 storiehe,
1554 2109 1622 2131 una

143 2141 236 2186 singli
265 2142 503 2176 avvenimenti
531 2142 564 2175 di
590 2142 702 2176 Roma
728 2144 798 2177 fino
822 2143 890 2177 alla
918 2149 1027 2178 morte
1045 2144 1076 2176 di
1095 2144 1253 2181 Claudio,
1271 2144 1381 2177 donde
1407 2143 1438 2176 13
1457 2143 1623 2176 continuo

143 2187 263 2220 PhniO
288 2186 313 2219 il
339 2187 487 2221 vecchio
512 2187 575 2225 (Ν-
600 2187 645 2222 Η.
666 2190 786 2232 praefi
811 2188 880 2231 20),
898 2188 1011 2222 l'altra
1029 2189 1076 2224 (di
1094 2190 1147 2223 cui
1167 2191 1249 2233 pero
1267 2189 1461 2229 ignor-ianm
1477 2199 1514 2222 se
1531 2188 1622 2222 fosse

145 2243 190 2265 un
216 2231 338 2266 lavoro
364 2243 383 2265 a
409 2232 446 2265 se
471 2242 491 2265 o
518 2243 586 2266 non
612 2233 778 2276 piutlosto
814 2233 946 2267 facesse
971 2240 1068 2278 parte
1104 2234 1194 2267 della
1233 2239 1358 2278 prima)
1382 2234 1400 2266 0
1425 2232 1540 2277 quella
1566 2244 1622 2266 30-

141 2281 292 2311 001111313
319 2276 359 2309 113
388 2276 621 2316 Quintiliano.
645 2277 802 2318 Qualche
827 2279 1046 2312 frammento.
1074 2300 1112 2303 —
1135 2280 1330 2323 praestitit.
1356 2284 1484 2322 ‘seppe
1515 2289 1622 2311 osser—

143 2332 228 2355 vare
245 2321 261 2352 ”.
291 2340 333 2346 -
354 2332 489 2363 sfenere
513 2323 600 2365 ipso,
617 2322 820 2356 sottintendi
839 2323 997 2363 dicendi,
1016 2325 1102 2358 0100,
1120 2323 1231 2357 ’110110
1255 2322 1362 2357 stile¹.
1381 2325 1470 2367 App.
1483 2322 1559 2356 crit.
1576 2342 1619 2348 —

144 2366 231 2401 104.
256 2371 431 2410 superest,
456 2366 476 2400 0
500 2365 628 2400 1111111110
652 2378 672 2400 a
696 2367 754 2400 ehi
779 2367 920 2402 intende
958 2368 1112 2402 alludere
1148 2368 1376 2409 Quintiliano.
1415 2371 1442 2400 A
1482 2367 1618 2404 Tacito.

143 2422 242 2446 come
266 2411 309 2444 da
335 2410 452 2444 alcuni
477 2412 744 2445 commentator-i
769 2413 805 2445 fu
830 2418 1005 2457 supposto,
1032 2424 1099 2447 non
1127 2425 1222 2457 pare:
1249 2413 1299 2445 sia
1326 2413 1454 2457 perche
1495 2412 1618 2446 Tacito

142 2455 240 2489 nulla
265 2465 394 2489 ancora
419 2466 528 2489 aveva
555 2456 766 2500 puhblicato‚
790 2458 928 2502 quando
954 2457 977 2490 il
1003 2463 1120 2492 nostro
1153 2464 1264 2491 retore
1302 2457 1459 2491 scriveva
1497 2457 1529 2490 13
1555 2468 1617 2490 sua

139 2511 259 2544 opera,
284 2500 336 2533 sia
361 2500 490 2545 perche
515 2501 628 2545 questi
653 2501 893 2536 difficilmente
918 2503 1068 2536 avrebbe
1092 2508 1189 2536 osato
1216 2502 1358 2540 lodarlo,
1384 2503 1464 2535 vivo
1489 2513 1617 2535 ancora

144 2544 357 2580 Domiziano.
384 2544 518 2578 D'altra
544 2550 652 2589 parte,
679 2547 857 2580 conforme
896 2547 1072 2591 qualcuno
1097 2547 1209 2581 vuole.
1235 2547 1325 2581 male
1349 2548 1378 2580 si
1404 2558 1551 2591 possono
1576 2547 1619 2580 ri·

139 2589 246 2624 ferire
270 2589 302 2623 le
330 2589 450 2634 parole
485 2597 649 2633 superest
743 2592 970 2633 izztellem'tur
1005 2603 1023 2624 a
1061 2592 1242 2625 Crcnmzio
1277 2591 1399 2626 Cordo.
1437 2596 1616 2624 nominato

139 2634 241 2680 dopo,
264 2640 377 2670 morto
399 2635 448 2670 fin
474 2635 532 2669 dal
555 2636 600 2670 25
624 2635 657 2670 d.
681 2635 749 2676 Cr..
766 2635 821 2671 del
841 2636 943 2682 quale
970 2643 1129 2682 pei-tanto
1145 2637 1364 2678 Quintiliano
1381 2647 1449 2670 non
1466 2637 1616 2670 avrebbe

1640 432 1699 464 ¹02

1637 686 1702 721 103

1642 878 1652 910 1
1661 877 1702 910 04
