1887 2901
2 0 394 103 &wis-“⁸³:2³⁷
410 0 450 13 ⁶--
523 0 546 14 -’
570 0 576 3 ·

19 56 25 62 Δ
50 36 98 71 '22
118 39 134 54 τ
155 47 167 61 Δ.

631 95 764 123 estu-1·
792 95 847 122 iv.
875 84 897 130 5
929 82 1029 121 1-3
1515 82 1567 120 89

10 158 13 161 ⁴
48 155 62 186 1
90 171 257 214 interim
279 168 496 212 memoriae
518 169 581 210 sui
603 169 780 211 intentos
801 169 851 210 ab
873 168 955 209 alia
977 167 1207 209 inventione
1228 165 1436 208 declinant-
1465 167 1566 208 ideo-

92 250 171 290 que
200 236 354 291 optime
383 237 482 276 sunt
510 234 552 274 in
573 233 765 288 deposito.

716 419 853 462 CAPUT
886 418 954 461 IV.

603 523 663 567 uf.
695 521 1065 567 ΕΜΕΝΒᾹΤΙΟΝΕ.

152 636 355 690 Sequitur·
376 649 396 678 e
410 637 622 678 mendati
636 649 668 682 o,
692 648 782 689 pars
800 635 1026 677 studiorum
1047 635 1162 689 longe
1179 635 1424 682 utilissima:
1441 648 1569 689 neque
1598 649 1613 682 1

98 703 206 744 enim
225 703 310 742 sine
327 713 448 742 causa
469 701 668 742 creditum
690 702 750 742 est
771 700 912 741 stilum
937 713 1011 742 non
1036 701 1171 742 minus
1191 713 1321 755 agere,
1339 714 1431 742 cum
1449 701 1569 742 delet.

94 765 234 807 Huius
265 768 400 807 autem
423 765 554 819 operis
575 767 635 806 est
656 765 825 811 adicere,
850 764 1072 812 detrahere.
1096 766 1265 806 mutare.
1300 764 1377 807 Sed
1409 765 1572 806 facilius

96 829 138 871 in
161 830 213 872 iis
233 830 543 884 simpliciusque
565 829 778 878 iudicium,
801 841 903 882 quae
927 829 1114 882 replenda
1136 829 1199 870 vel
1221 829 1431 871 deicienda
1453 831 1570 876 sunt;

95 907 276 949 premere
294 907 383 936 vero
401 894 614 943 tumentia,
626 894 802 934 humilia
824 893 1026 940 extollere,
1040 893 1291 934 luxuriantia
1308 893 1571 948 adstringere,

95 957 327 1000 inordinata
365 957 558 1013 digerere,
591 959 724 999 soluta
753 970 1002 1011 componere,
1038 958 1264 1000 exultantia
1294 970 1472 1000 coercere
1503 958 1572 998 du—

98 1022 216 1077 plicis
238 1035 401 1076 operae3
433 1035 525 1063 nam
557 1024 598 1063 et
627 1022 855 1063 damnanda
886 1025 981 1063 sunt
1002 1035 1104 1075 quae
1126 1023 1363 1075 placuerant
1393 1024 1434 1064 et
1462 1022 1569 1064 inve-

98 1086 246 1129 nienda
267 1099 369 1140 quae
391 1086 590 1142 fugerant.
624 1086 707 1127 Neo
728 1086 899 1128 dubium
922 1089 981 1128 est
1004 1087 1201 1140 optimum
1227 1100 1310 1128 esse
1332 1086 1570 1128 emendandi
1597 1097 1618 1128 2

96 1163 238 1207 genus,
269 1151 302 1192 si
334 1151 483 1205 scripta
514 1151 554 1191 in
577 1151 742 1203 aliquod
772 1154 933 1204 tempus
966 1154 1219 1204 reponantur,
1254 1153 1299 1192 ut
1328 1151 1377 1192 ad
1409 1163 1455 1192 ea
1485 1154 1574 1205 post

96 1215 361 1257 intervallum
382 1215 495 1257 velut
515 1227 615 1257 nova
646 1218 766 1268 atque
790 1215 922 1256 aliena
954 1215 1178 1264 redeamus,
1202 1229 1248 1256 ne
1280 1216 1394 1257 nobis
1424 1216 1574 1269 scripta

98 1281 235 1321 nostra
264 1282 474 1333 tamquam
496 1283 674 1321 recentes
697 1280 805 1321 fetus
828 1279 1101 1320 blandiantur.
1135 1279 1211 1321 Sed
1235 1293 1361 1333 neque
1385 1281 1457 1321 hoc
1488 1292 1573 1322 con·
1599 1286 1620 1319 3

99 1344 255 1399 tingere
285 1356 442 1397 semper
472 1346 602 1397 potest
646 1344 882 1396 praesertim
919 1345 1080 1392 oratori,
1113 1345 1175 1385 cui
1210 1345 1371 1398 saepius
1402 1345 1574 1386 scribere

98 1407 147 1449 ad
178 1410 406 1462 praesentes
438 1420 533 1449 usus
564 1420 721 1448 necesse
743 1412 816 1457 est,
848 1411 888 1449 et
918 1408 1006 1461 ipsa
1027 1409 1256 1450 emendatio
1288 1408 1407 1450 finem
1440 1409 1573 1450 habet.

98 1472 202 1514 Sunt
232 1473 340 1514 enim
372 1473 441 1526 qui
474 1472 523 1513 ad
555 1473 690 1514 onmia
721 1472 872 1526 scripta
902 1474 1113 1525 tamquam
1148 1474 1292 1514 vitiosa
1328 1474 1492 1515 redeant
1522 1477 1575 1522 et,

98 1536 214 1590 quasi
245 1536 351 1578 nihil
382 1536 443 1578 fas
473 1537 526 1578 sit
556 1537 713 1578 rectum
743 1549 828 1578 esse
860 1536 966 1590 quod
1008 1538 1186 1591 primum
1218 1541 1290 1586 est,
1323 1538 1470 1580 melius
1500 1539 1575 1579 exi-

97 1667 331 1708 Quintiliano,
348 1667 402 1702 col
420 1667 621 1712 significato
640 1667 674 1701 di
692 1669 842 1702 modo
862 1669 977 1707 modo,
1002 1680 1100 1702 nunc
1160 1680 1269 1702 nunc.
1288 1688 1326 1692 —
1346 1670 1415 1706 sui,
1443 1668 1577 1702 riser-ito

99 1723 119 1746 a
144 1723 282 1747 sensus.
307 1731 350 1738 —
386 1713 431 1746 ab
465 1713 542 1745 alia
573 1715 779 1747 invencione
802 1729 847 1742 =
871 1714 916 1747 ab
948 1715 1153 1747 inventione
1188 1715 1348 1747 oliorum
1384 1724 1578 1752 sensuum,-

99 1757 162 1791 efr.
191 1761 214 1799 ἓ
241 1757 282 1791 2:
309 1757 377 1791 lzac
444 1759 664 1791 conscientia
689 1769 707 1791 e
733 1769 765 1791 n.
783 1777 823 1783 —
847 1764 933 1791 sunt
958 1760 996 1790 in
1013 1759 1182 1801 deposito,
1198 1759 1414 1803 espressione
1439 1759 1576 1803 propria

99 1802 154 1836 del
181 1801 388 1846 linguaggio
414 1802 606 1846 giuridico:
634 1803 712 1847 puoi
742 1802 897 1836 tradurre
923 1802 1190 1836 letteralmente.

144 1846 173 1881 1.
198 1847 379 1880 creditum
405 1853 466 1881 est.
494 1847 554 1880 «si
579 1848 598 1881 e
622 1847 766 1881 creduto
791 1858 810 1881 e
834 1847 862 1880 si
881 1848 982 1881 crede
997 1859 1028 1882 »x
1046 1848 1109 1883 cfr.
1128 1848 1210 1886 ms
1227 1860 1244 1882 e
1269 1859 1301 1880 n.
1321 1868 1359 1871 —
1376 1859 1459 1882 cum
1473 1847 1578 1887 delet,

100 1891 286 1936 supplisei:
312 1903 424 1936 quam
448 1903 533 1925 cum
557 1893 692 1925 scribit.
718 1912 760 1916 —
794 1892 981 1936 replenda.
1005 1894 1205 1935 deicienda,
1230 1893 1501 1937 corrispondono
1527 1893 1575 1926 ri-

99 1937 371 1980 spettivamente
395 1947 415 1969 a
440 1936 585 1970 adicere
610 1949 628 1970 e
646 1937 841 1970 detrahere
865 1938 1071 1979 (adicienda
1097 1949 1115 1971 e
1140 1938 1393 1980 detralcencla);
1420 1937 1452 1970 la
1469 1938 1593 1971 scelta'

100 1980 191 2015 delle
224 1981 291 2015 due
315 1981 434 2026 parole
459 1981 477 2015 e
510 1981 743 2015 determinata
780 1981 836 2015 dal
874 1982 1046 2016 desiderio
1083 1982 1116 2015 di
1145 1983 1290 2016 variare.
1324 2002 1366 2008 —
1399 1993 1578 2026 premere,

99 2025 163 2059 cfr.
193 2025 224 2064 1,
247 2026 288 2058 44
314 2037 346 2059 n.
371 2037 391 2059 a
412 2036 550 2070 pressa.
577 2045 619 2051 —
646 2026 883 2060 luxuriantia
917 2027 1162 2071 adstrinyere,
1180 2040 1210 2060 v.
1242 2028 1272 2065 5,
1298 2027 1334 2059 4:
1360 2030 1476 2072 effusa
1501 2029 1580 2062 sub-

98 2071 290 2114 stringere.
318 2090 357 2096 -
393 2071 616 2107 inordinata,
649 2071 678 2104 si
705 2071 861 2105 riferisce
891 2071 1042 2105 soltanto
1067 2072 1135 2106 alle
1160 2072 1380 2117 espressioni.
1407 2072 1477 2106 alla
1503 2074 1576 2107 elo-

99 2117 218 2154 cutio,·
249 2116 313 2149 cfr.
339 2115 401 2149 lx.
427 2115 457 2151 4,
484 2115 544 2147 27:
581 2117 814 2158 felicissimus
883 2127 1000 2151 sermo
1030 2123 1093 2157 esc,
1119 2120 1178 2152 cui
1209 2124 1242 2151 et
1274 2123 1393 2151 rectus
1428 2119 1517 2151 ordo
1547 2123 1582 2151 et

99 2166 185 2204 apta
204 2163 378 2194 iunctura
403 2166 437 2193 et
453 2172 533 2193 cum
557 2161 612 2193 his
630 2172 807 2195 numerus
832 2167 1035 2206 opportune
1060 2163 1192 2196 cadens
1209 2164 1368 2206 contigit.
1390 2183 1424 2186 —
1448 2162 1580 2202 soluta,

98 2205 261 2239 solutum
293 2215 354 2249 per
386 2216 455 2237 una
481 2212 578 2249 parte
614 2206 633 2239 e
659 2205 682 2238 il
708 2207 884 2240 contrario
916 2206 949 2239 di
976 2210 1213 2251 compositum
1239 2211 1285 2247 (v.
1315 2207 1343 2245 1,
1371 2207 1410 2239 44
1438 2211 1494 2249 n.).
1521 2219 1581 2252 per

100 2249 215 2283 l'altra
247 2249 281 2282 di
306 2250 478 2283 exultans
517 2254 561 2285 (v.
587 2250 618 2288 2,
646 2249 687 2283 16
711 2254 770 2293 n.).
809 2251 875 2285 Nel
903 2251 1016 2295 primo
1047 2262 1128 2285 caso
1163 2252 1280 2286 indica
1316 2252 1347 2285 la
1375 2253 1580 2297 negligenza

99 2294 156 2328 nel
181 2295 337 2339 disporre
363 2294 394 2328 le
420 2295 538 2338 parole
562 2295 711 2329 secondo
736 2296 769 2329 le
794 2295 889 2340 leggi
917 2296 1091 2333 ritmiche.
1127 2297 1182 2331 nel
1209 2298 1358 2331 secondo
1390 2297 1578 2341 l'esagera-

100 2339 199 2374 zione
222 2339 369 2374 nell‘uso
386 2339 417 2372 di
438 2344 569 2373 coteste
594 2339 699 2384 leggi.
717 2359 760 2366 —
783 2342 973 2384 suqerant,
990 2341 1032 2375 da
1053 2342 1212 2375 tradurre
1237 2353 1301 2374 con
1331 2356 1346 2371 «
1368 2343 1526 2386 sfuggire
1551 2356 1580 2374 ».

99 2402 142 2410 —
166 2384 203 2419 2.
226 2395 342 2428 yenns
361 2400 403 2413 =
423 2387 525 2417 ratio.
547 2387 738 2428 —scripta
814 2393 1052 2429 reponantur.
1078 2386 1101 2419 il
1130 2392 1210 2420 noto
1230 2391 1383 2431 precetto
1408 2389 1582 2422 oratiano.

101 2431 142 2462 A.
166 2429 209 2462 P.
234 2429 301 2463 388
325 2440 400 2473 sgg.
416 2449 455 2453 -
473 2430 573 2462 velue
598 2430 732 2469 aliena,
750 2442 849 2464 come
866 2442 902 2464 se
921 2442 988 2465 non
1011 2433 1141 2465 sossero
1159 2442 1263 2475 opera
1283 2437 1410 2465 nostra.
1433 2452 1454 2456 -
1481 2433 1580 2466 nobi»v

150 2473 404 2513 blandiantur,
438 2475 501 2507 cfr.
527 2475 558 2512 3,
584 2474 620 2506 7:
646 2477 769 2508 omnia
789 2476 992 2520 ...placent
1017 2495 1059 2501 —
1119 2477 1154 2510 3.
1180 2477 1229 2510 ad
1248 2483 1458 2520 praesentes
1484 2488 1581 2513 usus.

104 2518 256 2553 intendi:
283 2518 380 2563 peril
398 2524 586 2558 momente,
612 2517 635 2552 li
661 2531 723 2564 per
748 2520 782 2553 li.
809 2541 839 2545 —
866 2521 980 2558 hahet,
1006 2521 1093 2560 cioe,
1110 2522 1217 2555 ‘deve
1242 2532 1344 2555 avere
1359 2520 1376 2552 ⁶.
1405 2523 1492 2566 App.
1507 2522 1583 2555 crit.

101 2565 268 2609 2—qui...
287 2565 452 2604 redeant,
478 2569 614 2598 eostoro
640 2576 724 2598 sono
751 2565 758 2597 i
786 2566 938 2610 quidam
965 2566 1148 2600 increduli
1173 2567 1206 2599 di
1232 2568 1285 2599 eui
1312 2566 1331 2600 ὲ
1355 2567 1448 2600 detto
1472 2567 1504 2605 3,
1533 2566 1582 2605 11,
