1887 2901
685 103 817 133 cunr
844 105 917 132 vu.
948 92 970 140 ξ
998 91 1102 130 3-5
1554 88 1629 128 105

159 179 444 235 praeparetur?
473 178 584 230 Quae
616 192 705 221 vero
736 180 892 234 patitur
921 179 995 220 hoc
1026 178 1141 228 ratio,
1178 178 1223 218 ut
1257 176 1474 230 quisquam
1506 175 1630 228 possit
1654 185 1674 217 3

157 246 290 286 orator
318 244 537 298 aliquando
567 244 753 286 omittere
783 245 926 286 casus?
950 242 1070 294 Quid,
1091 255 1185 283 cum
1216 240 1444 282 adversario
1477 252 1629 292 respon-

159 308 335 358 dendum
365 308 455 358 erit,
485 308 581 350 fiet?
612 308 717 349 Nam
748 320 864 362 saepe
887 319 945 357 ea,
970 319 1071 359 quae
1092 306 1243 360 opinati
1267 316 1409 347 sumus
1429 305 1470 345 et
1492 305 1629 344 contra

159 385 263 427 quae
291 372 538 426 scripsimus,
571 372 730 425 fallunt,
763 384 809 414 ac
844 374 929 414 tota
949 371 1083 412 subito
1114 381 1233 411 causa
1265 371 1478 416 mutatum
1508 371 1628 420 atque

159 439 206 479 ut
233 437 491 492 gubernatori
523 437 573 477 ad
604 437 788 478 incursus
817 435 1137 489 tempestatium,
1169 435 1226 475 sic
1256 433 1393 488 agenti
1427 433 1477 474 ad
1507 432 1629 474 varie-

157 503 284 543 tatem
314 514 528 542 causarum
560 502 663 543 ratio
697 500 893 542 mutanda
930 502 1000 541 est.
1040 498 1147 550 Quid
1178 510 1292 552 porro
1322 497 1480 539 multus
1510 496 1629 537 stilus
1654 509 1673 541 4

157 567 198 607 et
227 565 397 607 adsidua
418 566 538 607 lectio
559 568 601 607 et
620 566 741 621 longa
762 565 988 607 studiorum
1012 567 1122 605 aetas
1145 563 1254 611 facit,
1278 563 1309 604 si
1333 563 1471 604 manet
1490 561 1629 603 eadem

158 643 260 684 quae
291 630 369 672 fuit
399 631 690 685 incipientibus
710 631 961 672 difficultas?
983 630 1140 671 Perisse
1163 628 1336 682 profecto
1357 626 1628 669 confitendum

157 697 218 737 est
255 695 518 749 praeteritum
562 696 762 743 laborem,
803 695 868 736 cui
906 706 1062 747 semper
1101 693 1208 734 idem
1250 691 1514 733 laborandum
1556 692 1628 731 est.

158 758 298 813 Neque
327 772 400 814 ego
430 760 503 801 hoe
524 772 610 814 ago,
633 762 680 801 ut
706 772 751 801 ex
782 760 958 812 tempore
990 758 1120 799 dicere
1152 758 1284 807 malit,
1316 756 1383 798 sed
1415 758 1462 798 ut
1490 756 1629 809 possit.

159 823 204 865 Id
236 825 371 866 autem
405 825 577 866 maxime
607 825 681 866 hoc
712 824 826 865 modo
848 835 1150 876 consequemur.

212 887 319 929 Nota
348 889 402 929 sit
430 889 608 942 primum
639 888 798 930 dicendi
831 889 918 936 νίας
950 901 1077 940 neque
1108 887 1216 928 enim
1253 886 1366 940 prius
1396 885 1627 939 contingere
1654 890 1676 924 5

158 965 299 995 cursus
329 957 460 1007 potest
490 967 610 1007 quam
655 953 867 996 scierimus
898 965 975 1006 quo
1021 953 1075 994 sit
1119 954 1157 993 et
1190 964 1269 1004 qua
1299 950 1626 1005 perveniendum.

158 1017 242 1060 Nec
271 1019 369 1060 satis
407 1020 468 1060 est
513 1031 586 1060 non
633 1019 817 1073 ignorare
864 1030 965 1071 quae
1009 1018 1092 1058 sint
1121 1029 1334 1058 causarum
1366 1014 1628 1057 iudicialium

158 1195 245 1224 sunt
268 1197 301 1225 et
325 1191 399 1224 alia
419 1192 583 1235 inqenita
609 1191 791 1236 quaedam
810 1191 1042 1225 adiumenta:
1063 1201 1140 1230 vox,
1159 1191 1255 1223 latus
1269 1191 1411 1234 patiens
1430 1189 1564 1223 laboris
1578 1197 1629 1227 ...:

159 1246 178 1269 e
202 1235 281 1273 ΧΠ,
319 1236 371 1274 11,
406 1236 444 1268 2:
480 1238 803 1280 neque...sciencia
841 1237 943 1270 modo
968 1242 1106 1269 constat
1129 1241 1316 1274 orator-...,
1350 1235 1411 1268 sed
1448 1244 1539 1271 voce,
1578 1234 1629 1265 la-

160 1286 245 1320 tere,
267 1282 452 1324 firmitate.
479 1281 602 1315 Anche
628 1281 805 1321 Cicerone,
820 1281 916 1315 Verr.
932 1281 990 1321 IV,
1015 1280 1068 1314 30.
1092 1281 1147 1319 67,
1166 1291 1226 1314 usa
1252 1280 1397 1313 insieme
1422 1278 1455 1313 le
1478 1279 1545 1312 due
1571 1290 1627 1323 pa-

160 1325 247 1359 role:
277 1336 370 1369 quae
395 1336 480 1364 vox,
508 1337 601 1370 quae
626 1327 754 1360 latera.
856 1338 885 1358 v.
911 1326 1008 1359 Oraz,
1037 1325 1147 1368 Epist,
1174 1325 1198 1363 1,
1232 1325 1265 1367 7,
1288 1324 1341 1357 26.
1376 1324 1490 1357 Latus
1521 1323 1629 1366 signi-

158 1371 226 1403 fica
250 1369 262 1402 i
287 1369 450 1414 polmoni,
477 1375 581 1404 avuto
619 1371 781 1413 riguardo
811 1370 842 1403 al
880 1371 984 1413 luogo
1020 1381 1084 1403 ove
1120 1370 1148 1403 si
1185 1374 1330 1403 trovano
1363 1368 1418 1402 nel
1443 1379 1559 1412 σοι-ρο.
1588 1387 1629 1393 -

157 1415 194 1448 3.
221 1417 327 1454 ratio,
351 1414 408 1448 ‘la
433 1415 564 1448 teoria'
589 1415 908 1460 <de11'eloquenza);
946 1427 976 1447 v.
1002 1416 1033 1454 3,
1072 1414 1123 1454 15,
1159 1414 1246 1447 dove
1276 1415 1293 1448 e
1330 1417 1572 1458 eontrapposta
1610 1424 1629 1444 a

158 1461 373 1494 exercitatio
391 1470 410 1494 e
427 1459 548 1504 quindi
567 1460 612 1493 ha
630 1471 676 1493 un
696 1461 785 1494 altro
802 1460 1014 1504 Significato.
1033 1462 1122 1503 App.
1146 1459 1222 1493 crit.
1239 1478 1282 1484 -
1299 1461 1494 1503 quisquam
1554 1469 1632 1491 ora-

159 1509 227 1548 tor,
241 1504 345 1543 cfr 2,
358 1504 627 1549 6:0u2·usquam
641 1507 695 1539 rei
709 1517 743 1538 n.
758 1526 795 1530 —
808 1507 984 1545 omittere,
997 1505 1068 1539 cosi
1085 1504 1158 1543 Vll,
1173 1504 1203 1544 1,
1222 1504 1264 1537 19
1277 1515 1284 1536 ι
1297 1514 1370 1537 non
1380 1510 1421 1537 ut
1437 1504 1631 1536 damnasse

157 1560 218 1583 eas
242 1551 496 1594 (quaestiones)
521 1550 728 1589 videantur,
753 1551 814 1584 sed
827 1552 998 1589 omisisse,
1023 1552 1110 1594 quia
1133 1551 1314 1593 possimus
1337 1550 1448 1583 eciam
1472 1550 1549 1582 sine
1581 1549 1630 1582 eis

159 1595 369 1629 vincere.—
385 1606 500 1633 casus,
525 1595 742 1636 Quintiliano
768 1595 877 1628 invita
892 1606 1010 1640 spesso
1025 1595 1184 1629 l'oi·atore
1209 1605 1228 1628 a
1255 1605 1316 1638 por
1340 1598 1456 1628 mente
1480 1594 1522 1626 ad
1547 1592 1630 1636 ogni

157 1649 240 1674 cosa
263 1639 330 1674 che
354 1650 514 1684 avvenga
538 1641 685 1674 durante
711 1640 735 1673 il
761 1640 912 1684 giudizio
936 1651 955 1674 e
979 1651 999 1673 a
1024 1640 1123 1673 farne
1147 1650 1209 1673 suo
1235 1642 1318 1683 pri›;
1336 1650 1367 1671 v.
1395 1639 1424 1677 1,
1452 1639 1489 1670 2:
1511 1649 1628 1682 para-

159 1686 335 1729 tam(que)
359 1685 407 1718 ad
431 1696 553 1718 omnes
578 1697 683 1719 casus
719 1685 887 1719 habuerit
914 1685 1176 1729 eloquentiam‚·
1208 1684 1239 1722 3,
1264 1684 1299 1716 25:
1326 1683 1403 1717 illic
1427 1693 1508 1726 opes
1532 1684 1632 1716 velut

157 1731 340 1763 sanctiore
364 1730 521 1774 quodam
559 1732 705 1763 aerario
742 1730 916 1769 conditae,
942 1730 1038 1763 unde
1069 1730 1119 1763 ad
1153 1729 1287 1762 subitos
1317 1739 1459 1773 quoque
1482 1739 1630 1762 casus...

154 1776 412 1818 proferantur.
437 1774 508 1807 Cfr.
534 1778 556 1815 ,ξ
582 1774 626 1808 30
650 1780 740 1809 sotto
765 1786 783 1808 e
808 1774 866 1813 VI,
894 1774 925 1814 1,
947 1775 1005 1807 42:
1032 1776 1096 1818 qui
1120 1786 1141 1806 α
1165 1773 1248 1807 stilo
1272 1784 1343 1806 non
1367 1773 1543 1807 recedunt
1567 1778 1633 1805 aut

158 1821 402 1853 conticescunt
425 1819 474 1852 ad
499 1819 562 1852 hos
586 1831 690 1853 casus
714 1826 778 1853 aut
808 1821 1104 1864 frequentissime
1126 1820 1223 1862 falsa
1249 1819 1390 1853 dicunt:
1417 1817 1497 1857 ΧΠ,
1520 1817 1552 1856 9,
1576 1817 1629 1850 20;

159 1864 554 1908 licet...praecoqitare
572 1865 689 1908 plura
715 1871 748 1898 et
772 1867 939 1897 animum
973 1865 1021 1898 nd
1056 1875 1177 1897 omnes
1212 1875 1316 1897 casus
1342 1873 1564 1906 componere.
1589 1881 1631 1888 —

157 1909 311 1952 fallunt,
335 1908 410 1942 cioe
435 1909 467 1942 le
491 1919 570 1942 cose
596 1921 801 1954 avvengono
826 1910 890 1944 hen
915 1910 1172 1943 diversamente
1188 1908 1230 1942 da
1248 1912 1379 1952 quanto
1408 1907 1487 1941 altri
1507 1913 1631 1952 poteva

157 1953 342 1998 aspettarsi
377 1953 459 1988 nell‘
473 1959 545 1987 atto
581 1954 673 1988 della
714 1954 971 1999 preparazione.
997 1975 1039 1980 —
1063 1955 1111 1987 ad
1136 1956 1319 1993 incursus,
1348 1952 1519 1987 ‘secondo
1544 1952 1633 1985 l'im-

158 1998 307 2043 peto,
332 1998 366 2031 lo
403 2003 512 2032 stesso
549 1999 747 2043 significato
785 2000 828 2033 ha
853 2000 913 2039 ad,
939 1999 1003 2033 che
1027 2010 1152 2043 segue;
1177 2010 1208 2031 v.
1234 1999 1266 2038 2,
1293 1999 1324 2031 1;
1350 1998 1398 2031 ad
1423 1998 1631 2041 exemplum

158 2054 178 2077 e
203 2055 237 2076 n.
259 2062 304 2069 -
327 2045 461 2087 ayenti,
485 2044 561 2077 cioe
586 2046 734 2078 oratori.
762 2064 800 2069 —
909 2046 944 2078 4.
973 2045 1081 2086 lonqa
1105 2044 1313 2078 studiorum
1330 2049 1439 2081 aetas,
1458 2049 1466 2059 ⁶
1481 2042 1504 2075 il
1525 2042 1632 2075 molto

158 2093 275 2133 tempo
299 2088 490 2133 impiegato
516 2089 610 2132 negli
635 2089 761 2125 studi‘z
787 2090 850 2123 cfr.
877 2090 900 2128 1,
918 2091 950 2125 8.
967 2089 998 2123 8:
1023 2091 1132 2133 lonya
1156 2094 1255 2122 aetas
1275 2089 1436 2132 spatium
1460 2088 1569 2121 dabie.
1589 2106 1632 2112 —

156 2139 281 2167 manet
347 2144 440 2178 quae
462 2135 539 2176 fuit
605 2134 814 2178 difficultas,
849 2134 920 2168 cosi
950 2136 980 2170 3,
1007 2134 1062 2167 18:
1089 2139 1212 2167 manet
1276 2144 1370 2177 quae
1393 2134 1470 2176 fuit
1494 2133 1631 2166 levitas.

156 2197 199 2203 —
225 2179 492 2222 incipientibus.
520 2179 599 2222 puoi
625 2179 814 2218 sostituire,
835 2179 927 2212 nella
953 2179 1165 2214 traduzione,
1202 2178 1372 2212 l'astratto
1399 2178 1432 2211 31
1458 2182 1632 2211 concreto.

157 2242 198 2249 -
220 2225 361 2267 perisse
429 2223 674 2257 laborandum
699 2230 759 2263 est,
785 2234 907 2258 senso:
935 2224 1139 2268 l'occuparsi
1156 2234 1293 2267 sempr-e
1311 2223 1402 2256 della
1427 2227 1536 2256 stessa
1553 2233 1633 2255 cosa

157 2267 319 2312 equivale
342 2279 363 2302 a
376 2279 536 2312 sprecare
562 2269 585 2301 il
612 2273 737 2313 tempo.
752 2288 793 2294 -—-
807 2280 923 2313 neque
947 2280 1020 2313 eqo,
1039 2280 1069 2301 v.
1091 2269 1120 2305 1.
1136 2268 1180 2302 30
1197 2280 1230 2303 n.
1243 2289 1286 2292 —
1301 2268 1366 2302 hoc
1389 2278 1468 2311 ayo,
1486 2267 1633 2311 ‘voglio,

156 2312 299 2347 intendo
313 2312 332 2345 ⁸.
369 2333 410 2338 --
428 2314 535 2346 malit
596 2317 721 2357 possit,
745 2314 928 2348 sottinteso
968 2325 1014 2347 un
1054 2318 1215 2357 soggetto
1248 2313 1441 2357 personale,
1466 2318 1591 2346 orator
1614 2323 1634 2345 ο

155 2357 370 2392 adulescens
391 2359 547 2402 futurus
571 2366 714 2392 orator:
740 2359 804 2392 cfr.
835 2360 863 2394 1,
888 2359 926 2397 7;
950 2359 983 2397 2,
1010 2358 1053 2391 24
1078 2370 1096 2392 e
1122 2364 1210 2392 sotto
1236 2362 1257 2399 ἓ
1283 2358 1335 2391 25.
1361 2378 1404 2382 -
1428 2358 1494 2392 hoc
1516 2357 1633 2396 modo,

155 2401 221 2436 che
245 2403 265 2436 e
288 2402 384 2437 detto
408 2402 507 2447 dopo.

200 2448 236 2482 5.
261 2459 392 2481 cursus
453 2449 758 2491 perveniendum,
784 2449 920 2483 riferito
945 2448 1270 2482 metasoricamente
1295 2447 1329 2480 al
1347 2448 1492 2487 dicere‚·
1517 2447 1550 2481 la
1569 2457 1635 2480 me-

155 2492 270 2526 tafora
293 2493 312 2527 ὲ
337 2492 484 2526 desunta
509 2492 602 2527 dalle
626 2503 724 2527 corse
749 2493 844 2528 nello
871 2493 984 2527 stadio
1009 2504 1027 2526 e
1052 2493 1240 2527 inti-odona
1267 2503 1328 2536 per
1353 2502 1467 2526 mezzo
1492 2492 1525 2525 di
1554 2494 1635 2530 via,-

155 2537 219 2570 cfr.
241 2536 274 2575 3,
300 2536 352 2574 10,
377 2537 464 2571 dove
491 2538 580 2572 trovi
617 2537 674 2572 un'
690 2538 844 2583 imagine
882 2538 1009 2572 simile.
1045 2558 1070 2562 -
1101 2549 1195 2582 quae
1231 2539 1495 2581 sint...parees,
1521 2536 1578 2574 111.
1602 2536 1634 2575 9,

157 2581 192 2615 1;
216 2584 424 2628 ...quinque
447 2589 552 2617 sunt:
572 2586 816 2627 prooemium,
834 2586 1015 2624 narratio,
1030 2585 1210 2627 probatio,
1236 2584 1424 2627 refutatio,
1435 2588 1634 2627 peroratio.
