1887 2901
352 0 857 52 &Q‘QJWPNJ‘
896 16 898 18 ,
944 2 957 38 '-
1011 0 1054 15 ε,

340 41 361 53 2
385 43 420 59 .‚-
449 46 469 57 .,

710 137 843 168 carpum·
871 140 897 167 1.
928 128 949 176 ξ
977 127 1135 166 78—79
1604 126 1654 166 37

184 212 319 255 minus
347 211 512 254 strictus
542 213 620 254 est:
653 213 784 255 carnis
814 214 949 256 tamen
972 213 1064 267 plus
1083 213 1218 261 habet,
1241 211 1376 254 minus
1396 211 1653 253 lacertorum.

187 278 327 320 Dulcis
357 279 395 318 in
429 278 570 331 primis
601 279 641 319 et
667 280 810 320 acutus
841 277 1142 332 Hyperides,
1174 278 1240 319 sed
1265 277 1488 318 minoribns
1509 277 1653 326 causis,

184 343 230 384 ui:
258 355 334 384 non
365 342 532 383 dixerim
566 343 718 391 utilior,
750 343 880 397 magis
911 355 992 396 par.
1026 342 1102 383 His
1137 345 1267 383 aetate
1300 341 1483 395 Lysias
1514 341 1651 388 maior,

182 406 346 448 subtilis
375 408 497 460 atque
526 406 690 461 elegans
720 409 760 449 et
790 420 868 460 quo
899 407 1017 456 nihil,
1048 407 1081 447 si
1113 407 1259 448 oratori
1291 406 1391 447 satis
1419 405 1473 446 sit
1502 404 1652 455 docere,

182 483 352 526 quaeras
380 471 618 524 perfectius3
651 471 753 513 nihil
784 472 892 513 enim
915 472 975 513 est
996 472 1126 519 inane,
1150 470 1253 511 nihil
1283 470 1532 517 arcessitum,
1555 481 1654 522 puro

181 537 315 577 tamen
348 535 445 576 fonti
479 548 599 588 quam
633 548 778 591 magno
810 536 968 577 flumini
1006 535 1178 589 propior.
1222 535 1477 576 Isocrates
1521 533 1561 574 in
1593 533 1654 573 di-

182 643 215 677 al
238 643 306 678 315
329 654 382 677 av.
408 643 475 681 Cr„
501 643 524 676 il
552 644 608 688 pisi
635 644 771 678 celebre
796 649 933 678 oratore
965 654 1068 688 greco
1105 643 1192 687 dopo
1227 643 1444 679 Deiuostene,
1470 641 1524 676 del
1550 641 1653 686 quale

183 690 219 722 t'u
244 688 444 722 avversario
469 689 701 733 implacabile.
727 689 896 723 cercando
921 689 957 722 in
982 690 1062 722 tutti
1090 688 1099 721 i
1126 688 1216 721 modi
1245 688 1278 721 di
1305 687 1528 731 osteggiarne
1547 687 1578 720 la
1598 698 1653 731 po-

183 733 278 767 litica
303 734 614 768 antimacedonica.
652 735 823 767 Abbiamo
859 734 892 766 di
930 733 977 766 lui
1016 739 1066 767 tre
1102 733 1265 767 orazioni.
1296 734 1386 767 forse
1420 733 1451 766 le
1484 732 1556 765 sole
1587 731 1653 765 8118

182 779 318 812 scrisse.
347 799 384 802 —·
411 781 539 821 magis,
565 791 606 812 va
631 779 674 812 ad
712 790 756 812 un
788 784 903 823 tempo
939 789 1003 812 con
1027 781 1135 823 fusus
1159 790 1178 811 e
1213 788 1278 811 con
1302 777 1434 811 similis
1459 777 1536 820 (cfr.
1563 780 1585 818 ,ξ
1610 776 1652 809 44

186 835 218 856 n.
243 835 262 856 a
287 824 419 857 elatior
436 835 492 862 ...).
518 843 561 849 -
584 825 702 867 fusus,
720 835 750 856 v.
769 827 791 865 ξ
809 824 852 857 73
876 836 894 857 8
920 835 952 858 11.
985 843 1019 848 -
1054 824 1264 867 mundiori,
1289 822 1311 855 il
1338 833 1449 861 senso,
1479 833 1498 855 a
1523 826 1653 866 quanto

183 879 276 913 pare,
302 868 404 902 vuole
428 870 494 902 8118
518 869 547 901 si
571 869 783 903 sottintenda
806 871 934 911 ρεπεν-ι’
957 869 1103 902 dicendi
1127 871 1161 910 (⁴4
1186 867 1218 901 lo
1243 867 1322 901 stile
1347 867 1497 900 sublime
1515 872 1568 908 »);
1594 877 1651 899 ma

184 925 214 946 v.
233 915 322 958 App.
341 913 417 947 crit.
435 933 477 939 —
501 915 660 952 strictus,
685 918 693 932 ‘
712 914 851 948 conciso
869 913 888 946 ⁴.
909 934 949 937 —
966 915 1087 946 carnis
1152 913 1385 951 lacertorum,
1403 913 1466 945 cfr.
1485 915 1507 953 ἓ
1524 911 1568 945 33
1586 921 1605 945 8
1619 922 1652 944 n.

183 977 226 984 -
251 958 381 995 dulcis,
400 969 430 991 v.
456 961 478 999 g
495 958 548 992 73.
568 979 609 982 ——
627 965 766 996 acutus,
792 958 861 992 cosi
887 957 958 992 Cic.
977 958 1021 991 de
1044 957 1141 991 Orat.
1162 957 1221 997 111,
1239 958 1270 996 7,
1289 957 1347 991 28:
1365 967 1519 990 acumen
1540 956 1653 1000 Hype-

185 1003 282 1036 rides
339 1003 485 1042 habim,-
501 1009 631 1037 acutus
649 1014 716 1037 non
742 1003 905 1047 riguarda
925 1003 933 1036 i
953 1002 1113 1047 pensieri,
1133 1014 1187 1035 1113
1206 1002 1239 1035 13
1254 1003 1364 1035 forma
1389 1012 1454 1035 con
1479 1001 1536 1034 cui
1554 1001 1563 1034 i
1583 1012 1654 1035 me-

183 1048 304 1082 desimi
330 1059 415 1081 sono
432 1048 589 1092 espressi.
611 1048 707 1082 Dello
726 1060 890 1086 acumen,
908 1048 1049 1092 proprio
1067 1047 1155 1081 della
1175 1047 1345 1086 oruzionc,
1363 1047 1476 1080 sei-ive
1494 1047 1527 1080 lo
1543 1050 1653 1080 stesso

183 1093 255 1126 Cic.
282 1094 325 1127 ib.
354 1092 393 1130 11,
409 1093 463 1131 29,
485 1093 656 1126 128-129:
677 1105 776 1127 meae
793 1095 900 1127 totius
917 1094 1092 1126 orationis
1161 1099 1232 1125 tres
1249 1098 1335 1125 szmt
1353 1093 1511 1125 rationes
1578 1103 1653 1124 una

183 1138 499 1171 conciliandorum
528 1138 727 1177 hominum,
753 1139 870 1172 altera
898 1138 1143 1171 docendorum
1170 1138 1246 1175 (cfr.
1272 1142 1293 1175 ξ
1319 1140 1416 1181 seg),
1442 1138 1547 1170 tertia
1573 1147 1654 1170 con-

183 1184 427 1216 citandornm.
471 1183 614 1216 Harum
651 1185 762 1216 trium
796 1184 965 1227 partium
997 1185 1121 1227 prima
1159 1182 1343 1215 lenitatem
1381 1182 1567 1218 oracionis,
1603 1192 1654 1214 se-

184 1229 303 1261 cunda
344 1238 549 1267 acumen,
591 1230 698 1261 tertia
738 1230 808 1262 rim
845 1228 1046 1266 dest'clerat;
1082 1240 1099 1261 e
1135 1227 1364 1268 Quintiliano,
1398 1225 1477 1265 xli,
1514 1225 1565 1264 10,
1593 1226 1652 1259 59:

236 1274 272 1306 in
301 1273 507 1307 docendo
525 1283 679 1306 acumen
745 1274 845 1316 exiqi
880 1273 1059 1306 videatur.
1096 1291 1138 1297 —
1177 1272 1377 1315 Hyperides
1409 1271 1654 1314 (Ὑπερείδης,

187 1317 345 1362 iper-ide),
370 1317 404 1349 di
430 1316 567 1354 Coliito,
593 1318 692 1352 (181110
717 1318 836 1353 attico.
862 1322 951 1353 11310,
978 1328 1069 1362 pare.
1090 1317 1143 1350 nel
1163 1318 1238 1349 ὂψ.
1259 1317 1374 1350 uocis-0
1400 1327 1461 1360 per
1485 1316 1654 1349 comando

183 1362 216 1395 di
245 1363 430 1406 Antipatro
455 1361 511 1396 nel
536 1362 600 1395 3222
625 1374 679 1396 av.
705 1362 759 1395 Cr.
787 1361 985 1405 Ancli‘egli,
1003 1373 1101 1395 come
1133 1362 1349 1399 Dcmostenc,
1374 1361 1403 1394 si
1429 1361 1578 1404 adoperi)
1596 1371 1656 1404 per

184 1407 352 1451 impedire
377 1407 442 1440 8118
468 1407 603 1451 Filippo
628 1407 827 1441 diventasse
845 1407 974 1440 arbitro
999 1407 1053 1439 dei
1079 1406 1205 1439 destini
1231 1406 1321 1439 ‹lella
1348 1406 1482 1439 Grecia.
1501 1406 1657 1439 Restano

182 1452 216 1485 di
243 1452 291 1485 lui
318 1451 538 1485 un'orazioue
563 1452 676 1486 intera
701 1463 720 1486 e
744 1452 870 1496 cinquo
908 1451 1181 1485 frainiucntarie.
1207 1451 1240 1484 (li
1267 1451 1321 1484 cui
1347 1451 1413 1484 due
1439 1451 1562 1484 furono
1588 1461 1657 1484 sco-

183 1501 281 1542 perte
305 1496 346 1529 da
374 1507 475 1530 meno
499 1496 532 1529 di
559 1497 647 1531 dieci
673 1497 767 1530 anni.
794 1516 836 1522 —
862 1498 1064 1531 minoribus
1129 1508 1212 1540 par,
1236 1507 1304 1529 non
1329 1495 1510 1540 sappiamo
1536 1495 1571 1528 in
1591 1495 1657 1528 8118

183 1541 285 1576 inodo
309 1543 338 1575 si
364 1553 464 1586 possa
502 1541 718 1586 giustificare
743 1546 874 1576 cotesto
899 1541 1051 1586 giudizio
1083 1542 1115 1574 di
1150 1541 1388 1582 Quintiliano:
1417 1551 1543 1574 nessun
1569 1540 1657 1574 altro

182 1586 275 1631 degli
301 1587 435 1620 antichi
461 1597 615 1620 accenna
641 1598 660 1620 a
686 1598 732 1620 un
758 1588 845 1620 fatto
870 1586 1004 1626 simi103
1029 1597 1236 1630 conumque,
1271 1587 1472 1620 minoribus
1497 1585 1658 1629 equivale

182 1643 201 1664 3
229 1633 382 1665 minoris
405 1634 588 1665 momenti.
624 1651 667 1657 —
703 1638 744 1665 ut
767 1643 838 1666 non
864 1633 1023 1665 dixerim
1053 1648 1095 1660 z
1128 1643 1172 1665 ne
1203 1632 1345 1664 dicam:
1377 1631 1439 1664 cfr.
1472 1631 1504 1670 2,
1540 1630 1589 1663 15.
1615 1649 1657 1654 —

182 1677 247 1711 78.
281 1676 410 1721 Lysias
434 1678 593 1718 (Λυσίας,
620 1677 739 1717 Lisia),
765 1677 929 1715 ateniese,
950 1687 1083 1721 nacque
1102 1687 1201 1710 verso
1216 1676 1238 1708 il
1259 1676 1321 1708 444
1340 1676 1391 1718 (22),
1411 1675 1497 1709 mori
1520 1675 1658 1709 intorno

183 1722 217 1755 al
242 1721 308 1755 365
331 1733 386 1755 av.
404 1721 460 1754 Cr.
479 1721 612 1755 Sei-isse
629 1722 878 1765 specialmente
896 1722 1048 1755 orazioni
1067 1733 1127 1765 per
1141 1721 1398 1761 commissione,
1415 1721 1489 1754 cioe
1508 1731 1568 1764 per
1594 1719 1658 1753 liti-

183 1766 281 1810 ganti
299 1767 365 1800 8118
383 1767 564 1800 andavauo
582 1778 601 1799 a
617 1766 859 1811 pronunziarle
873 1767 940 1800 essi
954 1767 1054 1800 stessi
1071 1768 1103 1799 in
1121 1765 1316 1800 tribunale:
1335 1776 1374 1799 ce
1391 1777 1434 1800 ne
1450 1765 1658 1808 riinangono

185 1815 440 1855 trentaquattro
464 1810 510 1849 (di
528 1811 584 1844 cui
604 1816 654 1845 tre
681 1813 843 1845 lacunose
861 1822 879 1845 0
897 1812 988 1845 circa
1007 1816 1078 1845 otto
1098 1812 1187 1845 forse
1206 1811 1347 1855 spui-ie),
1367 1811 1418 1844 fra
1438 1810 1470 1844 le
1487 1809 1582 1855 quali
1601 1810 1660 1843 l'u·

185 1855 264 1889 nica
281 1854 322 1897 (22)
335 1856 400 1890 8118
414 1855 484 1900 egli
505 1860 607 1890 tenne
626 1856 659 1889 in
680 1867 839 1901 persona,
858 1857 889 1889 la
908 1856 965 1900 piu
983 1857 1113 1890 famosa
1132 1856 1164 1888 di
1185 1861 1283 1894 tutte,
1298 1855 1415 1900 quella
1433 1862 1556 1889 contro
1572 1854 1659 1888 Era-

185 1906 329 1934 tos-tene.
349 1921 389 1925 —
408 1901 562 1937 subtilis.
580 1907 587 1919 ⁶
602 1901 768 1945 soinplice
783 1901 802 1936 '2
816 1901 887 1934 Cic.
901 1902 945 1934 dc
965 1901 1062 1934 Orac.
1084 1901 1138 1938 111,
1155 1901 1187 1935 7.
1204 1901 1264 1933 28:
1278 1901 1515 1934 subtilitatem
1531 1900 1659 1944 Lysias

235 1945 386 1984 habuit,-
411 1946 475 1978 cfr.
494 1950 584 1979 sotto
601 1946 632 1984 ’2,
659 1947 700 1979 19
726 1958 755 1979 n.
776 1957 794 1979 a
812 1946 1032 1980 subtilitatis.
1046 1966 1085 1970 —
1099 1946 1252 1983 subtilis,
1265 1945 1422 1989 eleyaizs,
1439 1956 1537 1979 come
1554 1945 1660 1979 dimo-

185 1996 304 2024 strano
322 1989 355 2024 le
370 1990 487 2034 parole
503 1992 534 2024 si
550 1993 689 2024 oratori
745 1991 856 2035 questi
871 1991 937 2024 duo
957 1991 1112 2025 vocuboli
1128 1991 1155 2023 si
1172 1991 1375 2024 riferiscono
1392 1989 1569 2024 all'indole
1588 2001 1661 2034 pro-

185 2035 261 2080 pria
287 2035 380 2069 dello
397 2035 477 2069 stile
502 2035 713 2069 didascalico
739 2047 756 2069 8
774 2036 829 2069 1181
848 2046 928 2069 caso
952 2036 1103 2080 speciale
1120 2036 1153 2068 di
1171 2035 1263 2069 Lisia
1279 2035 1310 2069 al
1329 2039 1501 2069 carattere
1526 2035 1659 2079 piatico

185 2080 279 2114 della
296 2091 358 2113 sua
384 2079 584 2124 eloquenza.
600 2100 641 2106 --
654 2083 685 2113 si
750 2081 886 2115 docere.
902 2081 1028 2115 docere
1041 2082 1059 2113 8
1074 2092 1142 2114 uno
1161 2080 1215 2114 dei
1235 2085 1285 2114 tre
1305 2080 1398 2114 uffici
1423 2079 1658 2114 dell’orutore:

185 2125 233 2168 gli
261 2125 342 2158 altri
368 2125 435 2158 due
460 2136 544 2159 sono
568 2136 713 2159 morere
735 2137 755 2159 0
779 2129 960 2160 concitare
984 2137 1002 2159 e
1027 2126 1208 2159 (Ielflctare
1232 2137 1251 2159 ο
1276 2126 1473 2159 conciliare
1495 2125 1572 2168 (cfr.
1604 2123 1660 2164 111,

185 2171 218 2204 5.
243 2170 282 2202 2;
311 2172 383 2203 tria
408 2177 492 2203 sunt
558 2181 651 2215 quae
670 2177 861 2214 praestare
885 2171 1008 2205 debeat
1034 2177 1167 2209 orator,
1193 2177 1232 2203 ut
1265 2171 1399 2210 doceat,
1431 2177 1581 2208 moveat,
1606 2170 1662 2203 de-

187 2215 312 2257 lectet).
340 2215 388 2248 La
413 2214 614 2249 restrizione
638 2215 703 2250 8118
727 2215 943 2256 Quintiliano
969 2216 1002 2249 fa
1029 2216 1087 2260 qui
1113 2216 1141 2248 si
1167 2215 1294 2250 risolve
1327 2215 1425 2260 quasi
1452 2215 1486 2248 in
1514 2226 1559 2248 un
1593 2214 1661 2248 bia-

185 2260 287 2298 simo.
312 2259 370 2293 chi
395 2259 492 2304 pensi
518 2259 584 2294 che
608 2260 678 2304 egli
703 2260 778 2294 dice
813 2260 947 2295 altrore
979 2260 1052 2301 (lv,
1085 2261 1116 2300 5,
1147 2260 1197 2303 6):
1223 2272 1296 2295 non
1361 2260 1480 2294 solum
1504 2261 1662 2293 oratoris

185 2311 237 2339 est
261 2305 399 2345 docere,
423 2305 485 2338 sed
504 2304 593 2348 plus
617 2306 821 2350 eloquentia
838 2307 936 2340 circa
956 2306 1173 2339 movendum
1192 2306 1298 2340 valet.
1315 2325 1357 2330 —
1374 2305 1471 2338 nihil
1541 2307 1661 2343 inane,

187 2362 206 2382 ‹
224 2360 291 2384 non
307 2349 340 2383 vi
353 2361 440 2383 sono
454 2349 675 2384 chiacchiere
693 2363 722 2382 ».
740 2369 782 2375 —
796 2353 1009 2385 arcessitum
1024 2349 1297 2395 z'quaesitnm‚
1315 2356 1322 2368 ‘
1337 2350 1488 2384 studiato
1503 2350 1521 2389 “,
1539 2356 1546 2368 ⁸
1562 2351 1662 2383 ricer-

185 2394 301 2432 cat0‘;
318 2395 383 2428 cfr.
407 2395 438 2433 2,
462 2395 516 2426 27.
532 2414 574 2420 —
613 2396 676 2429 ¹79.
697 2395 868 2430 Isocrates
893 2396 1128 2438 (Ἰσοκράτης,
1147 2396 1324 2437 Isocrate).
1349 2395 1405 2429 (181
1430 2395 1530 2429 demo
1555 2395 1662 2429 attico

185 2439 218 2472 di
237 2438 377 2478 Erchia,
403 2443 484 2473 nato
510 2439 564 2472 nel
590 2439 666 2478 436.
692 2439 778 2474 mori
803 2440 836 2474 di
863 2446 972 2475 morte
999 2441 1194 2475 volontaria
1213 2441 1266 2474 nel
1293 2441 1359 2474 338
1384 2451 1438 2473 av.
1463 2439 1533 2478 Ciu,
1558 2439 1662 2484 pochi

185 2484 300 2527 giorni
325 2484 414 2529 dopo
439 2484 471 2517 13
497 2485 666 2528 hattnglia
703 2485 737 2518 di
773 2484 965 2520 Cheronea.
994 2486 1042 2519 Fu
1068 2485 1244 2529 discepolo
1281 2485 1313 2518 di
1348 2486 1490 2520 Socrate
1515 2496 1533 2519 e
1559 2490 1663 2519 tenne

185 2529 222 2563 in
248 2530 360 2563 Atene
387 2541 455 2563 una
481 2530 599 2562 seuola
625 2529 658 2562 di
686 2530 844 2570 retorica,
868 2530 962 2564 dalla
999 2530 1113 2575 quale,
1149 2530 1262 2564 scrive
1294 2530 1463 2564 Cicerone
1489 2531 1532 2564 de
1563 2529 1662 2563 Orat.

185 2573 228 2614 ll,
251 2574 305 2613 22,
329 2574 384 2613 2¹4,
410 2580 596 2618 tamquam
624 2586 669 2608 ex
694 2586 783 2619 equo
809 2577 949 2609 troiano
987 2578 1080 2609 meri
1099 2576 1288 2620 principes
1323 2575 1413 2618 (cioe
1438 2575 1562 2620 grandi
1588 2586 1665 2609 ora-

186 2618 267 2665 tori)
291 2620 471 2654 exierunt..
497 2620 586 2654 onde
611 2619 680 2664 egli
707 2621 772 2654 ben
798 2621 877 2665 pote
913 2631 1008 2655 esser
1039 2620 1134 2655 detto
1157 2627 1262 2665 pater
1287 2621 1513 2666 eloquentiae
1537 2621 1597 2663 (ib.
1623 2619 1665 2660 11,

188 2679 199 2694 >

1677 349 1722 382 78

1677 541 1722 575 79
