1887 2901
110 0 349 29 ,ξιξ-ινρη-Ῥφ

146 25 177 35 ,ι
198 27 202 31 -
251 31 276 40 .,

623 75 756 103 οΑΡυτ
783 75 844 103 ιιι.
875 65 898 112 g
924 63 1084 103 23—25
1541 63 1594 103 85

117 149 166 191 ut
205 147 331 191 semel
371 147 477 202 quod
521 149 583 190 est
621 149 949 203 potentissimum
994 149 1127 190 dicam
1147 181 1157 199 ‚
1201 149 1398 191 secretum
1444 148 1487 190 in
1531 149 1593 189 di·

116 214 261 256 ctando
280 215 396 268 perit.
420 215 555 266 Atque
577 213 751 255 liberum
783 213 948 255 arbitris
973 213 1106 255 locum
1128 215 1169 254 et
1196 226 1317 266 quam
1342 213 1590 253 altissimum

116 277 326 320 silentium
375 277 646 319 scribentibus
693 277 865 319 maxime
909 277 1119 319 convenire
1168 290 1284 319 nemo
1328 277 1590 318 dubitaverit.

118 341 205 384 Non
245 344 379 383 tamen
419 341 602 395 protinus
641 341 831 383 audiendi
873 342 942 394 qui
979 341 1150 382 credunt
1190 341 1403 394 aptissima
1440 341 1480 381 in
1518 341 1592 382 hoc

117 418 279 449 nemora
299 406 514 458 silvasque,
538 406 643 459 quod
665 406 739 446 illa
760 405 860 447 caeli
894 406 1061 446 libertas
1081 405 1343 458 locorumque
1369 406 1591 446 amoenitas

115 471 336 514 sublimem
375 471 559 510 animum
595 472 635 511 et
666 469 885 511 beatiorem
922 469 1112 523 spiritum
1151 471 1305 522 parent.
1348 469 1451 509 Mihi
1484 470 1590 510 certe
1616 477 1659 510 23

116 533 318 577 iucundus
346 534 414 575 hic
446 535 575 587 magis
605 547 728 587 quam
759 533 986 575 studiorum
1018 534 1197 574 hortator
1228 533 1387 574 videtur
1419 545 1504 574 esse
1537 545 1590 574 se-

116 611 260 641 cessus.
308 598 493 651 Namque
525 598 611 645 illa,
643 609 745 651 quae
776 598 864 651 ipsa
898 597 1113 646 delectant,
1146 610 1302 639 necesse
1333 599 1394 638 est
1424 599 1592 639 avocent

115 664 166 706 ab
202 663 424 704 intentione
469 663 599 716 operis
638 663 843 704 destinati.
889 662 1029 715 Neque
1066 663 1173 704 enim
1216 675 1256 703 se
1293 663 1395 703 bona
1432 662 1508 703 fide
1549 662 1588 702 in

118 729 248 770 multa
288 728 412 769 simul
454 728 660 769 intendere
700 728 861 768 animus
898 729 1029 769 totum
1062 728 1211 781 potest,
1253 729 1294 768 et
1333 739 1589 780 quocumque

117 793 300 846 respexit.
322 793 472 834 desinit
501 793 650 833 intueri
682 791 788 845 quod
820 792 1068 845 propositum
1094 794 1192 833 erat.
1226 791 1358 843 Quare
1390 792 1587 833 silvarum
1616 802 1658 834 24

115 857 338 899 amoenitas
375 859 415 898 et
447 856 784 910 praeterlabentia
817 856 987 897 flumina
1026 858 1067 897 et
1097 857 1340 910 inspirantes
1372 856 1498 898 ramis
1528 868 1591 897 ar-

116 923 257 964 borum
289 934 409 963 aurae
441 921 732 974 volucrumque
763 922 905 962 cantus
935 924 976 963 et
1005 922 1092 974 ipsa
1124 921 1204 962 late
1236 920 1589 974 circumspiciendi

115 987 283 1028 libertas
313 986 362 1027 ad
393 999 433 1027 se
464 987 644 1034 trahunt,
679 987 724 1026 ut
755 986 855 1026 mihi
888 986 1093 1027 remittere
1125 985 1259 1039 potius
1295 985 1481 1038 voluptas
1512 986 1589 1026 ista

116 1051 301 1092 videatur
341 1050 626 1103 cogitationem
668 1062 790 1102 quam
832 1050 1050 1091 intendere.
1102 1051 1390 1091 Demosthenes
1429 1049 1590 1098 melius,
1616 1059 1660 1092 25

116 1116 185 1168 qui
214 1129 254 1156 se
295 1116 333 1155 in
366 1115 514 1162 locum,
556 1127 598 1154 ex
632 1127 709 1166 quo
741 1114 855 1154 nulla
894 1115 1073 1155 exaudiri
1108 1127 1177 1155 vox
1219 1119 1259 1155 et
1295 1128 1338 1155 ex
1371 1127 1450 1167 quo
1487 1114 1591 1154 nihil

116 1179 285 1233 prospici
329 1181 472 1232 posset,
511 1178 760 1225 recnnntlebat.
803 1192 849 1219 ne
881 1179 994 1219 aliud
1036 1191 1152 1232 agere
1189 1182 1365 1220 mentem
1405 1179 1594 1233 cogerent

114 1243 236 1286 oculi.
276 1242 449 1295 Ideoque
487 1243 748 1284 lucubrantes
784 1243 995 1284 silentium
1029 1245 1154 1284 noctis
1188 1247 1228 1284 et
1258 1244 1443 1284 clausum
1479 1242 1593 1284 cubi-

117 1428 181 1463 22.
209 1427 332 1471 semel,
357 1439 389 1463 V.
418 1427 446 1467 1,
468 1427 507 1461 17
521 1439 555 1462 n.
569 1447 610 1454 —-
629 1429 726 1473 quod
743 1435 794 1462 est
806 1430 1134 1472 potentissimnm‚⁴
1149 1428 1182 1462 la
1201 1429 1343 1473 ragione
1369 1426 1596 1473 principale'.

116 1492 159 1499 —
185 1485 224 1506 m
249 1473 436 1513 dictando,
466 1474 555 1517 App.
582 1473 658 1507 crit.
697 1493 740 1499 —
771 1476 881 1517 perit,
908 1485 975 1507 non
1008 1473 1041 1506 ci
1078 1475 1146 1518 puo
1182 1485 1307 1512 essere,
1333 1485 1437 1507 causa
1465 1475 1496 1507 la
1523 1484 1598 1518 pre-

116 1529 221 1552 senza
239 1517 332 1553 dello
350 1518 525 1554 serit-ano.
541 1530 601 1561 pei·
615 1518 647 1552 la
662 1518 764 1562 quale
783 1518 908 1552 inoltre
928 1518 950 1551 il
978 1519 1082 1563 luogo
1107 1530 1173 1552 non
1192 1520 1210 1552 e
1228 1530 1330 1552 senza
1348 1519 1536 1552 testimoni.
1555 1537 1598 1543 —

111 1564 299 1608 protinus,
324 1563 403 1607 qui:
430 1569 437 1581 ⁸
454 1563 638 1597 senz'altro
653 1562 678 1601 ’ς
704 1575 735 1595 v.
763 1563 791 1598 1.
817 1563 942 1597 3ii.—
968 1564 1155 1598 audiendi.
1178 1563 1201 1596 il
1221 1568 1338 1597 nostro
1358 1576 1375 1594 «
1390 1564 1518 1597 udire»
1538 1573 1599 1608 per

117 1607 234 1641 «dare
259 1609 393 1642 ascolto
410 1620 445 1641 »z
469 1609 548 1652 puoi
579 1608 737 1642 tradurre
763 1619 865 1642 meno
890 1608 1157 1643 letteralniente.
1183 1627 1225 1634 —
1243 1610 1431 1652 aptissima
1457 1611 1493 1641 in
1518 1609 1598 1649 hoc,

116 1652 337 1687 costruzione
370 1653 506 1697 poetica
541 1653 664 1687 invece
691 1652 782 1686 della
809 1653 930 1687 usuale
962 1653 1015 1687 col
1041 1654 1158 1687 dativo
1187 1665 1205 1686 o
1231 1664 1294 1687 con
1321 1654 1386 1688 ad:
1412 1653 1474 1687 cfr.
1499 1653 1599 1686 Ovid.

118 1697 203 1730 Met.
224 1696 320 1736 XIV,
338 1697 429 1731 765:
453 1700 594 1741 formas
619 1698 708 1731 deus
733 1705 840 1742 aptus
865 1701 900 1730 in
919 1709 1108 1732 omnes.—
1134 1709 1283 1732 nemora
1307 1699 1501 1742 silvasque,
1517 1697 1599 1731 Tac.

118 1741 216 1775 Diac.
241 1741 279 1776 9:
303 1744 419 1786 poetis
494 1745 530 1775 in
557 1753 705 1776 nemora
733 1749 767 1776 et
792 1743 887 1776 lucos
915 1743 951 1775 id
969 1750 1019 1776 est
1044 1745 1081 1775 in
1106 1743 1339 1777 solitudinem
1360 1743 1599 1777 secedendum

116 1793 188 1826 est,·
213 1787 278 1821 cfr.
307 1788 350 1821 ib.
379 1787 440 1820 12:
478 1798 534 1820 ma
569 1787 592 1819 il
623 1787 794 1831 consiglio
826 1788 859 1820 di
896 1788 1028 1823 Tacito,
1065 1793 1255 1832 approvato
1291 1788 1525 1832 giustamente
1556 1787 1598 1820 da

116 1830 236 1865 Plinio
261 1830 344 1875 (Ep.
373 1831 434 1869 lx,
464 1832 517 1869 10,
543 1834 593 1874 2),
616 1843 683 1865 non
709 1832 728 1866 e
754 1833 868 1865 linono
894 1843 953 1876 per
977 1832 1025 1876 gli
1052 1833 1190 1867 oratori.
1226 1832 1289 1865 Pisi
1315 1844 1462 1867 comune
1487 1832 1518 1865 di
1545 1843 1601 1866 ne-

118 1887 221 1910 mora
250 1876 436 1920 sib-risque
461 1877 479 1909 e
507 1876 661 1910 l'unione
681 1876 711 1908 di
739 1888 890 1910 nemora
917 1889 933 1910 e
961 1877 1047 1916 luci,
1073 1877 1190 1911 dicho
1219 1889 1247 1910 v.
1273 1877 1306 1910 la
1331 1882 1410 1911 nota
1437 1878 1490 1911 del
1512 1877 1601 1910 Vm.-

118 1931 235 1955 MAGG!
261 1920 294 1954 al
323 1920 428 1965 luogo
453 1921 513 1955 cit.
538 1921 586 1962 (9)
613 1921 665 1955 del
694 1922 871 1965 Dialoyus
898 1923 931 1955 in
961 1928 1082 1965 questa
1109 1922 1308 1956 collezione.
1333 1941 1376 1948 —
1407 1923 1600 1957 beatiorem

116 1968 304 2009 spiritum,
328 1967 391 1999 cfr.
414 1966 444 2002 1,
461 1966 500 1999 61
526 1977 556 1998 n.
576 1985 618 1991 —
638 1968 821 2010 spiritum.
837 1979 868 2000 v.
888 1967 915 1999 1.
934 1966 975 1999 44
994 1978 1026 2000 n.
1045 1987 1082 1991 —
1127 1967 1190 2001 23.
1204 1967 1412 2001 studiorum
1426 1968 1601 2004 hortator,

116 2010 179 2043 cfr.
206 2009 278 2044 Cic.
294 2021 364 2054 pro
387 2011 460 2043 let.
484 2010 535 2043 19.
554 2010 614 2043 50:
641 2011 824 2044 latronv‹m
853 2011 1051 2045 occultator
1069 2019 1102 2045 et
1127 2019 1288 2056 receptor
1305 2011 1414 2046 locus.
1430 2013 1602 2055 —operis

116 2054 302 2098 destinati,
329 2058 351 2096 ἓ
379 2055 440 2087 14:
469 2057 647 2090 materiae
670 2057 880 2090 destinatae.
907 2076 944 2080 —
979 2058 1068 2090 bona
1096 2056 1600 2100 fide,*coscienziosamente'.

118 2100 146 2133 Ε
172 2100 265 2134 frase
289 2099 343 2133 del
370 2099 584 2144 linguaggio
608 2100 829 2144 gindiziario.
855 2113 917 2134 con
947 2102 976 2135 la
1003 2101 1105 2146 quale
1134 2113 1218 2135 sono
1242 2102 1423 2145 designate
1449 2101 1480 2136 le
1504 2102 1598 2135 deci-

117 2144 208 2178 sioni
234 2145 405 2180 arbitrali,
443 2155 517 2178 rese
544 2145 740 2180 necessarie
774 2146 865 2179 dalla
900 2157 1090 2179 mancanza
1123 2147 1156 2179 di
1184 2146 1275 2191 leggi
1310 2148 1400 2184 fisse,
1432 2147 1600 2180 decisioni

117 2189 186 2223 che
211 2190 244 2222 ai
269 2189 414 2233 giudici.
444 2190 475 2221 in
506 2189 551 2222 tal
579 2201 658 2223 caso
683 2189 851 2223 chiarnati
878 2193 1024 2231 arbitri,
1053 2191 1193 2225 dettava
1220 2192 1242 2224 il
1270 2192 1360 2225 huon
1387 2203 1498 2225 senso.
1528 2190 1600 2224 Cfr.

117 2233 192 2267 Cic.
218 2234 262 2267 de
294 2233 362 2278 Off.
390 2233 446 2270 111.
474 2233 525 2271 15,
551 2233 612 2267 61:
637 2237 714 2268 sine
741 2235 819 2279 leye
845 2237 1000 2269 iudiciis.
1027 2238 1064 2268 {n
1091 2237 1222 2280 quibus
1247 2237 1400 2269 additur
1423 2247 1477 2270 ex
1501 2236 1602 2279 fide

119 2279 246 2313 bona.
273 2297 316 2304 —
343 2279 531 2312 intendere
556 2281 715 2315 (mimus.
742 2281 820 2314 vedi
846 2281 878 2314 2.
903 2281 963 2312 27:
990 2282 1210 2315 intendenda
1238 2292 1414 2314 n1ens.—
1461 2281 1526 2314 24.
1552 2292 1602 2313 re·

122 2325 309 2357 mittere
329 2323 528 2361 intendere,
548 2323 726 2364 l'iniagine
752 2326 770 2358 e
789 2325 946 2358 derivata
961 2325 1142 2359 dall‘nrco:
1169 2327 1230 2358 cfr.
1249 2326 1281 2361 7.
1298 2326 1350 2358 22.
1368 2345 1411 2351 —
1436 2326 1602 2369 voluptas

117 2370 200 2406 ista,
224 2368 320 2401 ‘tale
345 2367 469 2401 diletto
486 2368 503 2399 '.
534 2389 573 2392 —
626 2369 688 2403 25,
720 2369 983 2405 Demosthenes,
1008 2371 1068 2404 cfr.
1095 2371 1184 2403 Plnt.
1219 2371 1315 2404 Dem.
1334 2370 1370 2405 7:
1398 2372 1436 2405 ἐκ
1462 2373 1602 2405 τούτου

115 2412 222 2457 (dopo
260 2412 283 2445 il
320 2413 432 2457 primo
471 2413 684 2454 insuecesso)
722 2417 912 2456 κατάγειον
952 2417 1014 2456 μὲν
1052 2417 1288 2456 οἰκοδομῆσαι
1330 2417 1603 2458 μελετητήριον,

119 2458 141 2492 ὃ
167 2459 212 2499 δὴ
238 2458 436 2492 διεσώζετο
461 2461 517 2491 καὶ
545 2459 622 2493 me*
639 2461 742 2501 ἡμᾶς.
763 2480 803 2483 -
825 2459 1079 2493 Demosthenes
1106 2460 1247 2497 melius,
1265 2460 1327 2493 cfr.
1344 2459 1377 2498 2,
1393 2460 1452 2492 24:
1472 2460 1604 2493 melius

117 2502 187 2535 atii
212 2512 231 2534 e
257 2513 290 2534 n.
317 2521 358 2527 —
378 2510 559 2544 coyerent.
579 2502 631 2534 vol
658 2514 720 2537 suo
746 2503 946 2547 significato
971 2516 1119 2537 comune
1144 2505 1176 2536 ‹li
1206 2518 1220 2533 «
1240 2504 1456 2548 costr-ingere
1474 2517 1505 2543 »,
1535 2515 1602 2537 non

122 2552 434 2590 anconam-coine
459 2556 609 2582 ci‘euono
635 2547 752 2583 alcuni
771 2549 1046 2584 comuicntalori.
1062 2568 1104 2575 —
1132 2550 1376 2589 lucubrantes,
1402 2549 1602 2593 temporale.
