1887 2901
299 74 352 114 92
843 87 977 115 canor
1004 89 1044 113 v.
1077 77 1098 124 ξ
1127 77 1230 116 4-5

298 161 378 203 mis
411 161 528 211 licet;
558 161 746 204 omnibus
767 162 877 203 enim
908 161 1066 203 utimur
1095 161 1254 204 nostris.
1277 162 1461 218 'Figurae
1490 175 1596 212 vero,
1625 163 1777 218 quibus
1816 151 1827 190 ἶ

298 226 472 268 maxime
515 229 680 268 ornatur
715 226 855 275 oratio,
899 225 1052 268 multas
1090 238 1136 268 ac
1177 227 1310 268 varias
1348 228 1605 283 excogitandi
1651 231 1776 271 etiarn
1825 223 1830 225 ’

297 291 514 332 necessitas
536 290 735 344 quaedam
761 292 834 341 est,
871 290 968 343 quia
993 290 1235 344 plerumque
1265 303 1288 332 a
1311 292 1470 346 graecis
1513 304 1679 335 romana
1700 293 1779 336 dis·

298 355 492 396 sentiunt.

254 432 275 465 4
355 418 432 461 Sed
463 421 504 461 et
533 419 608 460 illa
637 432 682 462 ex
712 419 854 460 latinis
884 419 1088 461 conversio
1123 418 1306 460 multum
1337 421 1378 461 et
1422 420 1510 474 ipsa
1540 421 1775 464 contulerit.
1828 470 1830 473 .

297 483 358 525 Ac
387 483 436 525 de
466 484 716 525 carminibus
755 483 918 537 quidem
961 484 1162 525 neminem
1201 483 1318 525 eredo
1348 484 1549 532 dubitare,
1581 498 1661 538 quo
1691 486 1777 528 solo
1836 520 1837 523 η

297 560 441 602 genere
471 548 771 590 exercitationis
811 548 962 589 dieitur
993 560 1090 589 usus
1121 561 1205 589 esse
1237 547 1458 602 Sulpicius.
1500 549 1606 590 Nam
1637 553 1678 591 et
1707 563 1779 592 su-

299 612 437 654 blimis
477 613 645 665 spiritus
688 613 875 654 attollere
919 613 1140 654 orationem
1186 614 1330 666 potest,
1375 615 1416 655 et
1453 614 1574 655 verba
1617 615 1778 668 poetica

296 676 485 718 libertate
525 677 740 718 audaciora
781 689 857 718 non
894 678 1162 730 praesumunt
1206 677 1374 718 eandem
1415 678 1574 732 proprie
1615 679 1778 720 dicendi
1831 677 1836 680 ⁴

297 741 547 782 facultatem.
587 741 664 782 Sed
695 747 735 782 et
766 741 865 795 ipsis
896 741 1108 782 sententiis
1140 741 1296 782 adicere
1328 741 1425 783 licet
1464 743 1687 784 oratorium
1719 755 1776 785 ro·

251 811 274 845 5
298 807 373 847 bur
399 808 440 847 et
469 807 617 847 omissa
647 805 835 859 supplere
866 809 908 847 et
937 805 1064 847 effusa
1094 805 1382 859 substringere.
1426 806 1567 860 Neque
1598 819 1671 861 ego
1701 819 1772 861 pa-

298 871 507 925 raphrasin
538 883 622 912 esse
652 871 1028 924 interpretationem
1060 872 1220 911 tantum
1256 871 1354 922 volo,
1386 870 1454 911 sed
1476 871 1583 912 eirca
1614 871 1777 913 eosdem

295 948 435 977 sensus
456 938 657 977 certamen
689 938 810 988 atque
841 935 1169 977 aemulationem.
1193 935 1368 988 Ideoque
1390 935 1440 977 ab
1458 935 1548 977 illis
1570 936 1780 987 dissentio,
1824 927 1835 990 ’ἢ

297 1083 489 1128 predicat0;
514 1083 590 1117 cioe
615 1085 738 1116 omnia
756 1082 905 1125 (riferito
930 1082 1081 1116 soltanto
1106 1081 1176 1116 alla
1202 1081 1330 1125 forma)
1351 1084 1449 1116 enim
1478 1084 1611 1127 quibus
1636 1083 1780 1116 utimur

297 1135 421 1163 nostra
447 1134 541 1162 sune.
570 1128 606 1162 L·
621 1128 697 1162 idea
723 1129 741 1161 e
766 1127 915 1161 chiarita
946 1127 989 1161 cla
1014 1129 1159 1172 optimis
1177 1130 1361 1170 occupatis
1386 1127 1442 1162 del
1459 1131 1481 1170 ἓ
1507 1128 1546 1161 5.·
1566 1128 1780 1162 traducendo

297 1173 353 1207 dal
379 1184 494 1218 greco.
521 1173 683 1207 l'oratore
708 1173 736 1206 si
763 1173 996 1217 appropriava
1023 1173 1033 1205 i
1060 1171 1218 1206 vocaboli
1249 1172 1282 1204 di
1309 1183 1384 1206 essa
1411 1171 1546 1217 lingua,
1574 1177 1708 1206 mentre
1733 1172 1781 1206 ri-

298 1218 519 1264 produeendo
537 1230 556 1252 o
575 1218 825 1263 parafrasando
844 1217 900 1251 dal
919 1217 1029 1251 latino
1055 1229 1123 1251 non
1141 1228 1278 1261 sempr-e
1306 1218 1477 1251 utebatur
1497 1219 1667 1252 omnibus
1689 1220 1780 1258 suis,

299 1263 428 1309 perche
452 1263 477 1297 il
504 1263 653 1297 modello
680 1263 834 1296 lasciava
858 1263 893 1296 in
920 1262 968 1296 lui
994 1261 1313 1296 necessariamente
1339 1262 1490 1307 qualche
1517 1263 1648 1296 traecia
1671 1262 1706 1295 di
1731 1263 1779 1297 se.

299 1328 342 1334 —
365 1310 517 1353 fiquras,
549 1309 612 1342 cfr.
641 1307 670 1347 1,
710 1308 749 1340 12
775 1319 808 1341 n.
846 1319 864 1340 a
894 1308 1113 1352 figuramus.
1147 1307 1213 1348 Qui
1251 1307 1278 1339 si
1317 1307 1415 1351 paria
1452 1318 1520 1341 non
1558 1313 1654 1341 tanto
1689 1306 1782 1342 delle

298 1354 411 1398 figure
435 1353 620 1390 retoriche,
646 1358 776 1398 quanto
801 1353 891 1386 delle
908 1352 1180 1397 grammaticali,
1202 1353 1347 1395 fiyurae
1372 1353 1578 1389 verborum.
1596 1352 1662 1386 che
1686 1351 1781 1386 nella

299 1398 500 1432 traduzione
533 1398 717 1432 cambiano
743 1403 850 1442 punto
875 1408 894 1431 o
921 1408 1017 1442 poco,
1051 1402 1185 1430 mentre
1210 1397 1301 1430 delle
1332 1397 1442 1441 prime
1474 1397 1556 1441 ogni
1591 1396 1713 1442 lingua
1737 1407 1781 1431 ne

300 1444 347 1477 ha
370 1443 405 1476 di
430 1454 502 1477 sue.
521 1443 658 1477 diverse
674 1443 716 1476 da
735 1442 852 1487 quelle
876 1442 910 1475 di
937 1442 1096 1476 un'altra.
1124 1461 1165 1467 —
1187 1445 1330 1485 yrnecz's
1356 1453 1521 1482 romana,
1547 1442 1581 1475 in
1599 1442 1780 1486 generale,

346 1489 382 1522 4.
408 1499 454 1522 ex
472 1488 598 1522 latinis
623 1489 819 1527 conversio,
838 1488 871 1521 la
901 1487 1118 1522 costruzione
1137 1486 1275 1531 propria
1290 1486 1345 1520 del
1362 1487 1465 1521 verbo
1483 1493 1694 1521 convertere
1705 1489 1780 1530 (ex.

300 1535 383 1579 pero
410 1545 440 1566 v.
465 1533 634 1567 Cicerone
659 1533 703 1566 de
730 1533 808 1565 Fin.
836 1532 859 1571 Ι,
883 1533 915 1573 2,
939 1532 974 1566 6:
1001 1543 1172 1566 conversa
1199 1531 1244 1565 de
1264 1534 1421 1575 graecis)
1446 1543 1546 1576 passa
1572 1533 1605 1565 al
1620 1529 1781 1572 ,sosiani

300 1580 373 1613 tivo
404 1577 545 1612 verbale
581 1580 787 1613 conversio:
820 1578 883 1611 cfr.
914 1577 988 1617 Vll,
1021 1577 1052 1615 2.
1083 1577 1144 1610 35:
1181 1587 1227 1610 ex
1262 1580 1382 1610 causis
1406 1578 1586 1620 probatio.
1612 1577 1640 1610 E
1677 1576 1779 1621 quasi

300 1623 425 1658 inutile
451 1623 625 1657 avvertire
650 1622 714 1657 che
741 1623 866 1656 latinis
883 1634 925 1655 va
945 1622 1095 1656 tradotto
1112 1621 1165 1655 col
1180 1621 1368 1665 singolare.
1389 1641 1431 1647 —
1449 1628 1484 1656 et
1501 1624 1590 1666 ipsa,
1609 1631 1617 1640 ·
1632 1632 1692 1666 per
1709 1621 1747 1656 se
1761 1621 1780 1659 ’ς

300 1667 596 1704 ordinariamente
612 1669 692 1707 ipsa
709 1678 861 1712 quoque.
881 1667 952 1702 Cfr.
970 1671 992 1709 ἕ
1009 1666 1070 1704 2ος
1087 1667 1120 1706 6,
1136 1667 1164 1702 1;
1181 1666 1214 1705 7,
1232 1666 1286 1699 26.
1309 1686 1350 1691 —
1376 1666 1582 1705 contulerit,
1609 1665 1783 1700 assoluta-

301 1713 727 1752 mente—carminibus,
739 1712 839 1746 latini
855 1724 872 1746 e
889 1723 968 1751 non,
984 1723 1082 1746 come
1097 1711 1197 1746 crede
1211 1711 1362 1755 qualche
1373 1716 1660 1749 commentatore.
1675 1711 1785 1756 greci;

301 1759 360 1804 qui
386 1769 456 1792 non
480 1759 508 1791 si
528 1762 635 1792 tratta
661 1758 719 1802 pisi
741 1757 774 1790 di
805 1757 958 1791 versioni
983 1757 1039 1790 dal
1064 1767 1180 1801 greco,
1206 1767 1261 1789 ma
1287 1757 1321 1788 di
1348 1757 1518 1800 parasrasi
1551 1757 1585 1790 di
1617 1757 1783 1790 scritture

303 1804 424 1838 latine.
439 1822 480 1829 —
499 1803 698 1847 Sulpicius,
717 1814 748 1835 v.
769 1803 798 1841 1,
818 1802 892 1836 116.
909 1822 952 1828 -
969 1803 1138 1836 sublimis
1155 1802 1318 1845 spiritus,
1338 1813 1368 1835 v.
1392 1802 1418 1840 1,
1437 1801 1480 1834 27
1498 1812 1517 1835 e
1541 1812 1573 1835 n.
1587 1801 1660 1834 Cfr.
1680 1800 1710 1840 1,
1725 1800 1780 1834 61:
1836 1839 1838 1841 ¹

301 1852 454 1893 spiritus
478 1849 774 1892 maynificenstm
793 1847 870 1880 104:
889 1848 1027 1881 elatum
1046 1848 1192 1881 abunde
1207 1847 1403 1890 spiritum:
1421 1857 1440 1880 e
1457 1846 1488 1884 3,
1507 1846 1566 1879 22:
1585 1847 1782 1880 beatiorem

301 1895 485 1939 spiritum.
504 1913 544 1918 —
564 1896 778 1932 orationem,
791 1898 798 1911 ⁴
815 1892 847 1925 la
863 1903 976 1937 prosa,
994 1893 1027 1926 10
1045 1891 1126 1926 stile
1144 1890 1336 1936 prosastico
1351 1890 1370 1923 ¹.
1384 1910 1426 1917 —
1445 1892 1554 1925 verba
1568 1891 1782 1929 audaciora,

302 1938 376 1973 cosi
404 1937 524 1977 1,104;
549 1939 708 1971 audaces
732 1939 940 1971 sententias.
961 1957 1001 1962 —
1024 1938 1167 1980 poetica
1199 1936 1377 1975 libertate,
1406 1936 1468 1969 cfr.
1492 1935 1520 1978 1,
1547 1936 1586 1969 31
1608 1948 1615 1967 :
1639 1935 1781 1970 liberto·

302 1986 405 2018 ribus
428 1984 570 2025 fiam-is,
595 1995 613 2017 e
640 1994 700 2027 per
725 1982 749 2015 il
777 1983 936 2027 pensiero
955 1983 998 2016 ib.
1023 1981 1144 2016 27-30.
1169 2000 1212 2006 —
1231 1987 1492 2025 praesumunt,
1519 1981 1575 2014 nel
1616 1991 1721 2014 senso
1745 1979 1780 2013 di

304 2042 322 2062 «
340 2028 509 2073 impedire
527 2041 558 2060 ».
584 2047 626 2053 -—
645 2028 810 2063 eandem.
827 2030 914 2072 App.
933 2027 1010 2061 erit.
1030 2047 1067 2052 —-
1085 2028 1245 2070 proprie,
1262 2037 1322 2071 per
1339 2025 1393 2060 cio
1410 2025 1476 2060 che
1494 2025 1657 2070 riguarda
1675 2025 1700 2059 il
1719 2025 1782 2058 lin-

302 2073 457 2119 guaggio
483 2073 683 2117 prosastico.
710 2073 743 2105 in
770 2072 1093 2117 conti-apposizione
1118 2071 1152 2105 ai
1177 2071 1279 2109 versi,
1305 2070 1338 2103 di
1357 2070 1459 2104 enisi
1481 2071 1512 2103 fn
1534 2071 1566 2104 la
1592 2069 1781 2115 parafrasiz

303 2123 458 2165 appunto
484 2118 576 2152 nella
595 2118 727 2151 ricerca
753 2117 842 2151 delle
875 2117 1083 2161 espressioni
1121 2130 1137 2148 (ι
1165 2116 1302 2161 proprie
1327 2130 1344 2147 »
1372 2116 1522 2150 consiste
1540 2115 1563 2149 il
1592 2114 1784 2160 vantaggio

304 2163 563 2199 dell'esercizio.
588 2163 676 2197 onde
703 2162 798 2206 pai-la
817 2162 1048 2203 Quintiliano.
1074 2181 1116 2187 —
1141 2163 1338 2197 sententiis.
1363 2171 1462 2195 come
1489 2171 1548 2205 per
1576 2171 1703 2195 sensus
1727 2158 1784 2194 del

304 2213 326 2251 ἓ
352 2219 424 2253 seg.
450 2219 481 2241 v.
506 2209 537 2247 3,
562 2207 606 2241 33
631 2219 662 2240 n.
688 2219 706 2240 a
733 2219 868 2240 sensus.
895 2226 937 2233 —
961 2208 1159 2243 sententiis.
1184 2207 1327 2243 omissa.
1353 2206 1481 2250 effusa,
1506 2204 1678 2240 s'intende
1702 2203 1779 2239 nel-

305 2255 434 2299 l'opera
460 2253 525 2287 elie
543 2253 560 2286 e
585 2258 727 2297 oggelto
742 2252 832 2285 della
848 2255 1043 2286 conversio.
1062 2271 1102 2276 -
1116 2253 1233 2296 effusa
1247 2252 1508 2293 substravere.
1533 2249 1690 2294 imagine
1716 2260 1783 2284 me·

305 2298 465 2337 taforica.
489 2297 556 2331 che
580 2298 716 2331 ricorda
752 2297 863 2330 l'altra
890 2297 923 2330 di
949 2298 981 2337 4,
1010 2296 1295 2329 ltluoeurianeia
1323 2296 1578 2339 adstrinyere5
1601 2295 1666 2328 cfr.
1691 2299 1784 2329 sotto

306 2348 328 2384 ‚S
354 2343 391 2377 11
413 2354 445 2376 n.
463 2343 494 2375 2.
519 2342 596 2376 Cito
621 2343 713 2376 coni
735 2342 854 2375 vecchi
880 2341 1146 2375 commentator-i
1173 2341 1392 2374 Tertulliano
1421 2341 1465 2373 ‹le
1488 2340 1664 2374 Oratione
1689 2339 1784 2373 dom.

308 2390 335 2423 1:
363 2389 407 2423 de
432 2388 606 2422 brevitate
629 2389 806 2421 orationis
830 2387 1033 2420 dommim«-
1063 2393 1242 2430 quantum
1270 2387 1540 2428 subscr-infitur
1567 2385 1687 2419 verbis
1713 2390 1788 2418 tau·

308 2442 383 2468 tum
411 2433 640 2478 djffimditur
663 2432 835 2466 sensibus.
863 2451 904 2457 —
974 2433 1009 2466 5.
1040 2432 1289 2476 paraphrasin
1317 2447 1360 2459 -.:
1385 2441 1677 2468 conrersnonem;
1701 2439 1784 2479 sog-

306 2484 411 2524 getto.
430 2480 457 2513 1⁴:
485 2489 551 2511 nno
576 2477 669 2521 degli
694 2476 836 2511 esercizi
863 2476 928 2510 che
960 2476 1179 2517 Quintiliano
1212 2475 1384 2520 consiglia
1417 2476 1450 2508 ai
1485 2473 1596 2519 princi
1625 2474 1724 2511 iunii.
1749 2485 1783 2507 in

306 2529 436 2569 quanto
463 2535 521 2567 per
547 2533 661 2556 memo
686 2522 719 2555 di
737 2532 813 2556 esso
838 2527 872 2555 et
896 2523 1062 2555 breviora
1080 2521 1260 2564 «sarmium
1288 2527 1320 2551 οἱ
1346 2531 1529 2553 ‘ntorum-«r
1553 2486 1655 2553 sufem
1683 2519 1786 2551 modo

301 2576 429 2619 poetae
453 2568 564 2614 (paula
589 2568 679 2603 delle
707 2567 819 2601 savoie
845 2567 1022 2612 esopo-incl
1048 2581 1154 2600 „si-ns«
1177 2574 1411 2611 perunctum·
1434 2564 1475 2609 (l,
1499 2566 1530 2605 0,
1555 2565 1600 2608 2).
1625 2584 1661 2590 --
1688 2575 1788 2599 circu
