1887 2901
699 0 729 6 z-
757 0 782 7 -u
798 0 806 4 -
822 2 829 9 ,

631 117 760 145 capua·
789 118 828 145 11.
857 108 878 154 ς
905 106 1034 145 9-12
1523 104 1576 144 69

110 193 290 245 tempora
318 191 557 233 damnamus
587 192 710 234 huius
740 192 1007 239 infelicitatis,
1040 194 1085 233 ut
1131 204 1235 232 nunc
1274 190 1436 232 demum
1469 191 1572 232 nihil

109 258 280 298 crescat:
312 255 415 296 nihil
447 259 583 297 autem
619 257 763 298 crescit
791 258 875 298 sola
905 257 1144 297 imitatione.
1177 255 1288 306 Quod
1309 256 1340 295 si
1374 256 1573 309 prioribus
1598 271 1620 303 9

108 319 264 362 adicere
295 320 354 361 fas
384 333 458 361 non
490 322 563 370 est,
594 333 672 374 quo
702 321 818 363 modo
847 333 1003 374 sperare
1045 333 1257 374 possumus
1292 319 1411 360 illum
1444 323 1574 361 orato-

109 397 191 426 rem
222 384 476 438 perfectum?
507 385 607 427 Cum
641 386 681 426 in
726 386 803 435 his,
835 398 934 438 quos
965 386 1159 426 maximos
1204 384 1335 425 adhuc
1374 385 1572 434 novimus,

107 461 224 491 nemo
252 450 306 490 sit
334 449 535 495 inventus,
560 451 600 490 in
633 463 710 503 quo
740 450 845 491 nihil
875 451 948 490 aut
977 449 1225 490 desideretur
1265 452 1336 489 aut
1366 449 1572 502 reprelien-

106 513 238 555 datur.
270 513 347 555 Sed
378 515 501 555 etiam
533 516 601 568 qui
634 528 791 556 summa
823 526 899 555 non
931 514 1138 567 adpetent,
1171 513 1407 555 contendere
1439 514 1572 566 potius

105 591 227 631 quam
259 579 371 631 sequi
404 579 560 620 debent.
594 579 696 620 Nam
739 580 808 632 qui
841 580 913 620 hoc
949 579 1047 633 agit,
1080 581 1126 619 ut
1156 579 1263 631 prior
1292 579 1358 627 sit,
1391 579 1570 626 forsitan,

105 643 266 684 etiamsi
297 655 372 684 non
405 645 622 692 transierit,
654 644 856 696 aequabit.
904 644 1006 684 Eum
1053 655 1143 684 vero
1193 655 1308 684 nemo
1353 645 1483 695 potest
1513 655 1572 682 ae-

106 719 241 760 quare,
273 710 391 749 cuius
422 709 607 762 vestigiis
636 709 713 749 sibi
748 709 888 761 utique
920 708 1186 749 insistendum
1230 710 1369 760 putat;
1414 719 1571 748 necesse

104 774 165 813 est
193 772 301 813 enim
332 785 488 826 semper
533 774 586 814 sit
630 774 822 826 posterior
865 773 935 825 qui
981 773 1175 825 sequitur.
1207 772 1321 813 Adde
1352 771 1456 824 quod
1488 772 1573 824 ple-

105 849 277 890 rumque
309 837 470 878 facilius
501 840 562 878 est
592 838 682 890 plus
713 838 841 879 facere
873 850 993 890 quam
1016 837 1144 878 idem:
1177 838 1333 878 tantam
1363 837 1471 878 enim
1494 836 1572 876 dif-

105 901 329 943 ficultatem
362 902 482 943 habet
512 902 752 951 similitudo,
784 905 830 943 ut
860 915 908 943 ne
939 903 1025 955 ipsa
1056 901 1219 954 quidem
1251 903 1395 942 natura
1425 902 1466 942 in
1497 901 1571 942 hoc

106 967 163 1007 ita
191 966 403 1015 evaluerit,
434 970 481 1008 ut
511 980 586 1008 non
619 980 691 1013 res,
723 980 826 1020 quae
857 967 1093 1007 simillimae
1134 979 1316 1019 quaeque
1347 978 1461 1019 pares
1491 978 1571 1006 rna-

106 1032 208 1072 xime
239 1031 463 1079 videantur,
497 1033 637 1084 utique
681 1032 913 1073 discrimine
959 1032 1095 1085 aliquo
1135 1032 1425 1072 discernantur.
1457 1030 1571 1071 Adde

104 1095 222 1147 quod,
254 1096 452 1148 quidquid
498 1096 615 1137 alteri
662 1097 796 1137 simile
827 1098 899 1146 est,
933 1109 1089 1137 necesse
1134 1099 1194 1137 est
1239 1097 1374 1136 minus
1416 1093 1473 1137 'sit-
1513 1108 1569 1145 eo,

103 1159 208 1212 quod
240 1160 440 1210 imitatur,
471 1164 517 1201 ut
548 1161 692 1201 umbra
722 1173 881 1213 corpore
912 1162 953 1202 et
983 1162 1117 1215 imago
1162 1161 1263 1202 facie
1299 1163 1339 1202 et
1368 1162 1483 1201 actus
1514 1160 1571 1200 hi-

101 1223 299 1265 strionum
332 1226 434 1266 veris
464 1225 700 1267 adfectibus.
735 1226 846 1276 Quod
878 1226 919 1266 in
951 1226 1199 1267 orationibus
1230 1239 1387 1279 quoque
1424 1226 1568 1267 evenit.

102 1287 288 1342 Namque
318 1290 382 1339 iis,
414 1303 515 1343 quae
547 1291 587 1331 in
619 1291 845 1343 exemplum
880 1291 1145 1340 adsumimus,
1177 1292 1315 1331 subest
1357 1293 1502 1331 natura
1531 1291 1572 1331 et

102 1366 192 1395 vera
223 1355 309 1400 vis:
340 1357 477 1396 contra
507 1356 636 1396 omnis
667 1355 844 1396 imitatio
891 1355 994 1396 facta
1026 1358 1086 1397 est
1115 1357 1156 1396 et
1185 1355 1234 1395 ad
1274 1356 1454 1396 alienum
1485 1367 1569 1408 pro-

100 1419 276 1471 positum
308 1419 646 1460 accommodatur.
677 1418 764 1470 Quo
796 1419 842 1460 fit
873 1422 918 1460 ut
941 1421 1074 1460 minus
1104 1420 1314 1474 sanguinis
1345 1432 1391 1460 ac
1421 1420 1569 1460 virium

100 1483 413 1526 declamationes
445 1485 618 1525 habeant
647 1497 768 1537 quam
810 1485 1021 1534 orationes,
1053 1484 1158 1537 quod
1198 1484 1239 1525 in
1275 1484 1362 1525 illis
1393 1496 1498 1537 vera,
1530 1484 1570 1524 in

99 1649 336 1694 infelicitatis,
361 1650 422 1684 cfr.
451 1650 480 1688 1,
503 1649 543 1682 7:
569 1650 729 1694 ‘infelicis
754 1661 883 1694 operae
911 1661 929 1683 e
955 1661 986 1682 n.
1020 1650 1068 1683 La
1093 1650 1312 1684 costruzione
1336 1650 1389 1683 col
1415 1650 1572 1694 genitivo

99 1695 212 1729 anche
239 1695 279 1734 ll,
303 1695 335 1734 5,
352 1695 411 1728 24:
466 1705 554 1729 .nos
579 1696 763 1728 tarditatis
788 1702 924 1728 natura
950 1695 1159 1735 damnavit;
1184 1706 1215 1727 ν.
1242 1695 1315 1733 Vll,
1340 1694 1426 1737 8,3.
1453 1695 1572 1735 1X,2,

99 1739 153 1773 81.
183 1760 219 1763 -
258 1751 357 1773 nunc
386 1721 545 1779 demum,
570 1740 732 1785 ⁶·propri0
757 1740 856 1774 adess
841 1751 878 1771 ο
893 1741 919 1777 ’;
949 1740 1152 1778 cf1.3,13:
1190 1741 1239 1773 zoi
1271 1741 1431 1779 demum,
1461 1751 1480 1774 e
1512 1751 1574 1784 per

99 1785 247 1819 demum
273 1784 308 1817 in
335 1785 543 1829 particolare
568 1786 594 1824 1,
619 1787 661 1818 44
688 1796 722 1818 n
745 1805 788 1810 —
847 1787 882 1819 9.
912 1786 1113 1828 prioribus,
1144 1785 1232 1818 bada
1258 1785 1322 1818 che
1347 1785 1366 1817 e
1391 1785 1570 1819 maschile.

100 1848 143 1855 —
160 1836 342 1863 oratorem
361 1832 575 1872 pet-,fectum
594 1842 624 1863 ν
643 1834 665 1872 g
689 1830 741 1863 28.
761 1850 803 1854 ——
822 1831 1108 1874 2›11oetmos,‘piu
1126 1829 1331 1863 eccellenti
1336 1848 1399 1861 .—
1416 1841 1572 1869 summa,

101 1885 169 1909 non
189 1885 231 1907 va
250 1875 400 1909 tradotto
427 1875 701 1912 letteralmente;
727 1885 787 1919 per
806 1875 828 1907 il
849 1885 1007 1919 pensaero
1033 1887 1062 1908 v.
1090 1874 1113 1908 l.
1133 1885 1293 1919 prooem.
1321 1874 1445 1907 19-20:
1471 1875 1573 1908 nobis

99 1920 149 1953 ad
183 1931 328 1953 summa
366 1920 586 1953 tendendum
613 1927 686 1959 est‚·
768 1921 879 1953 altius
906 1926 1026 1953 tamen
1051 1921 1157 1953 ibunt
1180 1923 1244 1964 qui
1267 1921 1316 1952 ad
1340 1931 1485 1952 summa
1509 1922 1570 1952 ni·

101 1971 234 1998 lentur.
260 1984 303 1990 —
349 1966 406 2000 10.
433 1965 500 1998 hoc
523 1968 610 2009 ayit,
637 1967 725 2009 App.
751 1965 828 1998 crit.
854 1985 896 1989 —
924 1967 997 2009 utiq
1004 1976 1048 1999 ue
1064 1967 1121 2006 (=
1139 1967 1238 1998 omni
1263 1965 1391 2005 modo),
1420 1965 1571 2009 ripetuto

101 2020 187 2061 poco
212 2009 310 2054 dopo
337 2029 379 2035 —
403 2010 498 2043 adde
522 2011 629 2054 quod,
643 2010 677 2043 di
696 2020 809 2044 nuovo
827 2010 1006 2044 locuzione
1024 2010 1174 2054 ripetuta
1192 2013 1214 2051 ἓ
1230 2010 1267 2043 11
1284 2021 1303 2043 e
1323 2009 1374 2042 12.
1391 2029 1433 2034 —
1451 2012 1489 2042 in
1506 2010 1571 2043 hoc

101 2056 151 2087 ita
175 2056 366 2091 evaluerit
392 2062 441 2092 ut,
467 2057 557 2099 ⁶put)
583 2055 657 2089 fare
682 2054 717 2088 in
744 2055 844 2088 modo
868 2054 967 2088 che...
1006 2075 1048 2079 —
1072 2065 1266 2100 quaeque..
1283 2057 1406 2099 ,App.
1432 2055 1506 2088 crit.
1526 2074 1569 2079 —

101 2101 272 2136 maxime
300 2100 434 2133 riferito
465 2100 611 2134 insieme
636 2111 655 2132 3
680 2100 891 2133 szmiltimae
919 2110 938 2133 e
963 2110 982 2132 3
1004 2111 1126 2143 pares.
1144 2120 1185 2125 -
1211 2102 1335 2144 utique
1359 2101 1571 2133 discrimine

99 2145 235 2189 aliquo,
259 2145 323 2178 cfr.
350 2144 428 2184 ΧΠ,
455 2145 507 2188 10,
530 2145 595 2177 67:
634 2147 759 2189 utique
783 2145 906 2189 aliquo
934 2151 1119 2179 momento
1155 2165 1192 2169 -
1231 2145 1484 2178 discrimine...
1510 2145 1567 2177 di-

98 2196 331 2232 scernantur‚
356 2171 444 2223 alti-'a
463 2190 676 2234 ripetizione
692 2209 733 2214 —
779 2192 828 2224 11.
847 2190 943 2234 quod
967 2192 1147 2229 imitatur,
1173 2189 1198 2223 il
1224 2189 1384 2224 modello.
1398 2209 1441 2215 —
1465 2191 1570 2232 facie,

101 2234 144 2267 l'⁶
157 2234 352 2279 originale
379 2235 522 2279 rispetto
547 2235 779 2269 31·1111·3110
795 2236 955 2278 (imaqo).
984 2254 1027 2260 —
1056 2237 1151 2269 veris
1175 2236 1388 2279 adfectibus,
1406 2246 1437 2266 v.
1464 2234 1521 2272 Vl,
1539 2235 1570 2273 2,

98 2279 158 2313 35;
183 2280 260 2313 vidi
282 2291 345 2323 eqo
377 2291 482 2323 saepe
510 2280 702 2314 histriones
726 2286 835 2325 atque
858 2281 1052 2319 comoedos,
1069 2291 1151 2314 cum
1180 2291 1225 2314 ea·
1249 2280 1372 2324 aliquo
1396 2281 1571 2323 yraviore

99 2331 183 2358 actu
198 2335 396 2369 personam
428 2326 685 2369 deposuissent,
714 2326 840 2369 flentes
870 2325 941 2357 adl
949 2337 992 2358 uc
1022 2326 1155 2368 eqredi
1192 2344 1234 2350 —
1267 2325 1503 2366 orationibus,
1526 2324 1568 2357 da

99 2369 258 2404 tradurre
290 2380 355 2404 con
381 2369 405 2402 il
431 2369 598 2404 vocabolo
627 2375 772 2404 asu-atto
796 2370 1090 2414 corrispondente.
1121 2390 1163 2395 —
1188 2372 1242 2409 iis,
1268 2369 1351 2414 gli‘
1365 2369 1500 2403 scritti
1503 2395 1511 2407 ,
1538 2368 1569 2402 le

99 2414 247 2469 ⁶opere'
306 2434 349 2440 —
373 2416 475 2448 sabe.
474 2421 492 2447 t
516 2421 666 2455 natura,
690 2415 753 2449 cfr.
778 2416 810 2455 3,
835 2415 871 2449 5:
896 2416 1024 2449 subeat
1048 2417 1151 2448 ratio.
1174 2435 1211 2438 —
1238 2420 1385 2455 natura,
1411 2419 1569 2447 ⁶-natura

99 2458 214 2493 lezza
218 2485 224 2491 .
242 2478 286 2485 —
297 2462 452 2504 facta—
409 2484 452 2489 -
467 2461 572 2503 ficta:
590 2460 877 2504 corrispondenza
897 2461 963 2495 (113
979 2461 1117 2504 finyere
1133 2471 1151 2493 e
1168 2462 1302 2503 facere)
1320 2461 1512 2503 frequente.
1529 2478 1568 2483 —

48 2544 50 2546 Υ
95 2505 334 2557 propositum,
351 2505 408 2549 qui
428 2506 479 2539 e
465 2505 656 2539 sustantivo
672 2507 717 2545 (v.
730 2505 926 2549 εορν3ξ2).
939 2525 980 2530 -
1005 2505 1311 2544 accommodatur,
1330 2506 1418 2555 App.
1437 2504 1511 2537 crit.
1529 2523 1566 2527 —-

96 2549 154 2584 12.
167 2551 371 2600 sanguinis,
391 2551 559 2583 metafora
580 2555 676 2583 usata
699 2550 727 2587 1,
744 2550 788 2581 110
805 2561 823 2583 e
843 2550 901 2583 11?
887 2562 916 2582 i.
935 2570 974 2575 -
993 2550 1285 2589 declamationes,
1303 2550 1455 2583 oiazioni
1484 2550 1569 2582 fatte

97 2604 159 2639 per
181 2596 366 2636 esercizim
394 2607 424 2629 ν.
449 2596 481 2635 5,
500 2595 540 2628 14
565 2606 585 2629 e
612 2596 641 2635 1,
656 2595 712 2629 71.
736 2615 779 2620 —
803 2595 890 2636 illis,
916 2595 1050 2630 riserito
1075 2607 1095 2629 a
1116 2597 1307 2636 orationes,
1332 2606 1351 2629 e
1368 2594 1486 2640 quindi
1500 2587 1570 2627 lois

1600 589 1641 620 10

1598 1035 1635 1069 11

1599 1427 1639 1459 12
