1887 2901
95 46 197 62 «κ,

13 0 334 51 W4W
362 0 385 6 ..
406 0 434 45 'ss
467 0 497 27 ζ
515 0 527 25 5
547 0 574 5 .,

622 116 755 146 carm·
782 119 825 146 n.
853 106 875 153 g
899 104 1058 144 ‘25-27
1525 104 1577 142 75

104 193 241 235 tamen
269 191 410 246 aiiquo
439 191 481 233 in
512 191 600 234 loco
633 193 780 234 melius
809 191 895 240 alii,
936 191 1115 245 plurima
1153 191 1237 233 ille.
1283 189 1360 232 Sed
1399 202 1474 231 non
1506 189 1574 243 qui

107 258 279 300 maxime
308 256 545 303 imitandus,
576 259 617 298 et
647 257 755 298 solus
775 256 1001 298 imitandus
1030 258 1102 297 est.
1135 254 1242 306 Quid
1264 256 1386 308 ergo?
1408 254 1495 295 Non
1517 255 1576 294 est
1599 256 1647 289 25

104 322 205 364 satis
233 322 371 364 omnia
399 321 457 362 sic
487 320 632 370 dicere,
663 333 742 374 quo
772 320 888 362 modo
919 321 973 361 M.
999 319 1164 360 Tullius
1186 320 1318 360 dixit?
1353 318 1456 359 Mihi
1487 318 1575 371 qui-

103 387 196 427 dem
239 385 339 428 satis
382 388 498 433 esset..
530 386 562 426 si
609 385 744 426 omnia
774 385 961 437 consequi
1003 397 1170 437 possem.
1204 383 1311 434 Quid
1342 386 1475 424 tamen
1507 393 1576 423 no-

103 452 212 492 ceret
251 449 336 491 vim
381 449 576 497 CaesariS,
607 450 867 502 asperitatem
912 447 1038 496 Caeli,
1069 448 1326 501 diligentiam
1366 445 1574 494 Pollionis,

103 513 305 556 iudicium
335 513 450 555 Calvi
483 513 727 566 quibusdam
759 513 799 554 in
831 513 931 554 locis
951 513 1195 553 adsumere?
1228 511 1332 552 Nam
1357 512 1513 564 praeter
1533 509 1573 550 id
1598 513 1643 546 26

86 577 209 630 xquod
249 577 460 631 prudentis
506 581 567 619 est
611 577 716 630 quod
761 578 802 617 in
847 589 1006 630 quoque
1037 577 1236 630 optimum
1269 579 1342 624 est,
1373 575 1406 616 si
1439 574 1574 628 possit,

103 655 222 684 suum
256 642 396 686 facere.
428 645 516 683 tum
549 642 589 683 in
621 644 735 683 tanta
766 642 821 683 rei
853 641 1097 682 difficultate
1130 653 1255 682 unum
1288 641 1490 681 intuentes
1512 639 1575 678 vix

103 706 244 759 aliqua
275 719 367 760 pars
397 707 593 759 sequitur.
626 706 800 759 Ideoque
830 718 920 747 curn
955 708 1085 746 totum
1108 705 1328 758 exprimere
1359 717 1477 757 quem
1501 703 1575 744 ele-

102 773 211 826 geris
240 783 364 824 paene
409 772 465 812 sit
509 771 662 812 homini
708 772 998 818 inconcessum,
1030 770 1210 823 plurium
1249 770 1350 811 bona
1380 781 1576 823 ponamus

104 839 196 877 ante
226 835 373 883 oculos,
406 838 452 876 ut
482 835 595 876 aliud
626 849 672 877 ex
702 835 782 876 alio
813 836 988 884 haereat,
1011 839 1051 876 et
1072 846 1151 887 quo
1173 833 1351 887 quidque
1383 833 1468 874 loco
1489 845 1574 874 con-

107 901 245 942 veniat
275 902 472 954 aptemus.

161 965 344 1006 Imitatio
375 968 510 1005 autem
542 965 653 1015 (nam
693 964 853 1016 saepius
893 963 999 1004 idem
1042 963 1193 1015 dicam)
1224 975 1299 1003 non
1330 962 1384 1003 sit
1414 964 1573 1002 tantum
1598 969 1641 1002 27

103 1029 146 1069 in
177 1028 321 1070 verbis.
354 1028 459 1068 Illuc
505 1028 745 1069 intendenda
793 1041 916 1077 niens,
948 1032 1145 1081 quantum
1189 1027 1312 1068 fuerit
1352 1026 1438 1067 illis
1479 1026 1575 1066 viris

103 1092 255 1134 decoris
283 1092 325 1133 in
357 1093 475 1133 rebus
506 1095 627 1145 atque
671 1093 862 1145 personis,
901 1092 1006 1145 quod
1051 1092 1279 1140 consilium,
1310 1102 1413 1144 quae
1444 1090 1576 1143 dispo-

103 1156 211 1205 sitio,
242 1168 361 1208 quam
395 1158 543 1206 omnia,
575 1157 698 1198 etiam
730 1169 832 1209 quae
864 1157 1119 1197 delectationi
1155 1155 1366 1196 videantur
1396 1155 1504 1203 data,
1525 1153 1575 1194 ad

105 1220 315 1262 victoriam
347 1224 547 1274 spectent:
580 1221 678 1274 quid
710 1225 855 1275 agatur
885 1221 1097 1274 prooemio,
1130 1233 1232 1273 quae
1263 1220 1366 1261 ratio
1392 1222 1431 1260 et
1453 1231 1574 1271 quam

106 1285 217 1327 varia
247 1285 451 1334 narrandi,
483 1299 585 1339 quae
617 1286 676 1326 vis
706 1285 901 1339 probandi
933 1298 978 1326 ac
1011 1285 1234 1334 refellendi,
1266 1286 1418 1336 quanta
1449 1284 1490 1324 in
1512 1283 1592 1323 ad-'

105 1447 147 1452 —
169 1427 236 1461 25.
266 1426 312 1460 M.
346 1426 503 1466 Tullius,
527 1426 745 1468 Quintiliano
770 1438 837 1461 non
864 1427 892 1460 si
922 1426 1027 1460 lascia
1064 1427 1221 1471 sfuggire
1246 1425 1371 1459 alcuna
1395 1425 1577 1459 occasione

103 1472 138 1504 di
162 1472 348 1506 aflermare
371 1472 490 1516 quello
515 1472 580 1506 che
606 1473 772 1517 potrebbe
796 1472 879 1505 dirsi
905 1472 928 1505 il
965 1483 1026 1505 suo
1062 1472 1156 1505 culto
1189 1483 1249 1515 per
1276 1470 1462 1505 Cicerone:
1489 1482 1520 1503 v.
1548 1471 1576 1508 1,

105 1516 171 1551 105
193 1527 270 1561 sgg.
295 1536 339 1541 -—
363 1519 498 1556 onmia,
523 1516 706 1556 s·intende,
731 1517 764 1550 di
789 1528 866 1551 esso
890 1517 1069 1550 Cicerone.
1094 1535 1132 1541 —
1153 1517 1244 1560 quid
1315 1522 1468 1554 noceret,
1493 1515 1578 1548 l'im-

104 1561 255 1606 perfetto
279 1568 423 1596 noceret
448 1562 499 1595 im
510 1572 570 1596 ece
594 1562 650 1596 del
675 1568 834 1606 presente
859 1569 983 1596 noceat
1007 1562 1036 1595 si
1060 1562 1180 1606 spiega
1205 1566 1310 1595 avuto
1327 1560 1490 1604 riguardo
1507 1560 1576 1594 alia

103 1611 228 1640 stretta
253 1606 428 1641 relazione
451 1607 506 1640 col
532 1607 739 1651 precedente
762 1609 794 1640 si
813 1618 966 1651 possem,
991 1607 1056 1640 che
1081 1607 1231 1651 esprime
1256 1617 1325 1639 una
1359 1605 1481 1649 ipotesi
1508 1616 1577 1639 non

104 1650 336 1686 realizzabile.
362 1671 404 1677 —
430 1654 503 1684 vim
535 1651 709 1689 Caesaris,
734 1652 810 1685 vedi
841 1653 868 1691 1,
895 1653 967 1684 114.
994 1672 1035 1675 —
1060 1654 1291 1695 asperitatem
1317 1650 1388 1687 (nel
1405 1661 1506 1684 senso
1521 1650 1576 1684 del

104 1699 127 1738 ἓ
151 1696 209 1738 23)
240 1695 349 1735 Caeli,
375 1707 408 1728 v.
436 1696 464 1735 1,
502 1697 575 1730 115.
600 1716 643 1722 —
683 1696 912 1740 diligentiam
942 1696 1132 1737 Pollionis,
1171 1708 1202 1729 v.
1242 1697 1268 1729 1.
1303 1696 1376 1729 113.
1409 1715 1449 1720 -—
1486 1696 1579 1728 iudi·

104 1742 200 1774 cium
232 1740 346 1780 Calvi,
370 1753 401 1774 v.
423 1741 544 1776 1.115.
577 1741 650 1776 Cfr.
669 1753 731 1786 per
759 1741 1085 1775 un'enumerazione
1113 1741 1211 1785 quasi
1242 1741 1391 1774 identica
1422 1739 1499 1777 ΧΠ,
1526 1740 1577 1773 10.

105 1784 158 1824 11,
183 1796 284 1830 passo
307 1786 366 1830 gia
391 1786 499 1819 citato
525 1791 623 1831 parte
648 1798 667 1819 a
694 1792 790 1830 parte
816 1786 907 1821 nelle
926 1785 1061 1829 singole
1079 1792 1159 1820 note
1177 1787 1208 1819 ai
1227 1789 1285 1827 ἓξ.
1303 1797 1321 1818 a
1339 1786 1396 1819 cui
1420 1785 1578 1818 rimando

104 1830 233 1875 quassu
259 1841 320 1875 per
344 1831 353 1863 i
381 1831 473 1864 varii
499 1831 603 1864 nomi.
631 1851 670 1855 —
697 1832 902 1871 adsumere,
927 1831 984 1865 nel
1015 1841 1116 1865 senso
1141 1831 1200 1875 piu
1225 1841 1373 1864 comune
1397 1829 1452 1864 del
1479 1841 1579 1863 voca-

104 1875 194 1913 bolo,
219 1886 320 1909 come
343 1880 435 1909 sotto
460 1878 482 1917 5
506 1875 561 1908 27.
588 1896 626 1900 -
654 1876 707 1910 26
742 1882 890 1919 praeter
926 1877 963 1909 id
998 1876 1106 1920 quod,
1132 1887 1162 1908 v.
1190 1875 1217 1908 1.
1244 1875 1296 1907 28.
1335 1874 1360 1908 ll
1399 1881 1476 1907 tum
1511 1875 1579 1908 che

103 1931 211 1965 segue
236 1920 278 1954 da
304 1921 406 1954 modo
430 1932 450 1953 a
479 1921 707 1964 interpretare
734 1921 764 1954 la
791 1920 990 1955 locuzione:
1017 1932 1103 1953 nam
1124 1926 1276 1964 praeter
1292 1920 1330 1953 id
1346 1920 1455 1964 quod.
1480 1930 1579 1954 come

103 1977 140 1998 se
157 1976 279 1999 avesse
297 1965 499 2009 quest'altra
519 1966 641 1999 fornia:
659 1977 744 1998 nam
758 1968 1010 2010 primum...—
1022 1967 1305 2009 uniim(0ggetto
1321 1964 1356 1998 di
1374 1966 1579 2006 intuentes),

106 2021 151 2043 un
177 2009 252 2044 solo
276 2017 399 2044 autore
425 2011 477 2043 fra
503 2011 609 2054 quelli
638 2011 728 2052 presi
754 2022 772 2043 a
799 2011 957 2045 modello.
984 2029 1026 2035 —
1050 2013 1228 2054 sequitur.
1254 2010 1309 2043 nel
1327 2020 1428 2044 senso
1452 2009 1485 2042 di
1503 2021 1580 2043 con-

108 2056 226 2098 tinyit,
245 2065 343 2089 come
368 2055 427 2099 piu
447 2060 537 2089 sotto
562 2058 583 2096 g
608 2055 661 2087 27.
679 2054 750 2089 Cfr.
778 2055 839 2093 XI,
856 2056 887 2090 19.
904 2055 962 2089 39:
987 2056 1084 2100 quod
1103 2066 1202 2089 meae
1218 2066 1287 2099 quo
1314 2065 1361 2088 ue
1383 2057 1581 2088 memoriae

106 2100 394 2133 mediocritatem
428 2101 656 2144 sequebatur.
681 2120 723 2125 —
753 2103 970 2144 esprimere.
996 2100 1194 2144 riprodurre
1220 2111 1274 2134 me
1301 2100 1394 2133 iante
1420 2099 1443 2132 Γ
1458 2099 1576 2133 imita-

109 2144 218 2178 zione.
243 2163 287 2170 —
311 2144 464 2184 homini,
481 2147 569 2189 App.
583 2144 658 2178 crit.
684 2165 723 2169 -
751 2146 834 2179 alio.
859 2145 1063 2179 sottintendi
1087 2147 1329 2189 scriptore.—
1354 2144 1514 2185 haereat,
1542 2147 1580 2178 in

107 2191 234 2267 gnimo
258 2188 418 2233 legentis.
443 2188 515 2222 cfr.
540 2190 637 2224 ΟΜΖ.
663 2191 706 2222 Α.
734 2190 775 2223 Ρ.
807 2190 891 2224 195:
926 2190 1023 2235 quod
1046 2201 1118 2224 non
1141 2192 1323 2234 proposito
1348 2190 1526 2224 conducat
1547 2195 1583 2222 et

132 2239 258 2267 aereae
279 2240 372 2278 apte.

149 2279 211 2314 27.
236 2291 323 2312 nam
396 2279 527 2317 dicam,
552 2279 580 2312 si
608 2279 764 2314 riferisce
792 2279 860 2314 alle
891 2279 1009 2324 parole
1042 2279 1096 2313 dei
1121 2283 1169 2321 gg·
1197 2279 1238 2313 13
1268 2290 1287 2313 e
1323 2278 1374 2313 16.
1404 2298 1441 2304 -
1467 2280 1580 2313 inten-

103 2323 224 2357 denda
248 2324 362 2360 me'ns.
388 2324 450 2357 cfr.
476 2323 506 2358 3.
531 2323 595 2357 20:
631 2325 763 2358 mentis
788 2327 960 2362 intentio;
996 2336 1027 2359 v,
1056 2325 1169 2359 anche
1198 2325 1224 2361 1,
1256 2324 1309 2356 '2-1.
1342 2344 1380 2348 —
1405 2324 1579 2358 decoris...

101 2371 280 2412 personis.
299 2380 329 2402 v.
350 2369 379 2403 1.
403 2368 446 2401 27
473 2373 562 2402 note.
583 2388 620 2393 —-
636 2369 840 2403 consilium.
865 2376 873 2388 ⁶
887 2370 1054 2414 disegno'.
1072 2389 1114 2395 —
1131 2370 1362 2403 delectationi
1384 2369 1483 2402 data.
1508 2368 1580 2402 cosi

107 2412 184 2453 xli,
209 2412 261 2453 10,
285 2413 349 2448 45:
376 2424 458 2446 cum
481 2414 692 2456 plurimum
717 2415 883 2448 utilitati.
913 2421 992 2447 tum
1026 2421 1168 2458 partem
1206 2414 1395 2459 quandam
1431 2415 1582 2448 delecta-

105 2459 196 2492 tioni
218 2459 326 2492 daret
348 2458 414 2498 (M.
440 2458 608 2499 Tullius).
636 2478 675 2484 -
693 2459 743 2492 ad
767 2461 957 2494 victoriam
981 2465 1150 2503 spectent,
1174 2459 1236 2493 cfr.
1264 2459 1294 2497 1,
1318 2458 1384 2492 29:
1409 2459 1459 2492 ad
1478 2461 1582 2493 victo-

103 2504 200 2537 riam
216 2505 293 2537 niti.
310 2522 354 2529 --
368 2505 563 2546 prooemio,
582 2516 598 2533 «
616 2503 776 2538 l'esordio
788 2518 865 2537 ».-
881 2506 1010 2538 ratio...
1030 2504 1225 2542 narrandi,
1237 2516 1255 2535 ι
1269 2503 1303 2537 la
1326 2503 1531 2538 narrazione
1550 2516 1582 2538 ».

103 2567 146 2573 —
159 2551 214 2582 vis
233 2549 417 2592 probandi
441 2560 483 2581 ac
508 2549 713 2592 refellendi,
729 2561 747 2581 ‹
762 2548 795 2582 la
809 2549 1089 2584 confermazione
1114 2560 1133 2583 e
1147 2549 1178 2582 la
1198 2549 1442 2583 confutazione
1455 2562 1473 2580 ι
1489 2551 1535 2587 (v.
1553 2548 1584 2596 1,

105 2592 122 2627 1
148 2603 182 2628 n.
206 2604 227 2628 a
251 2595 326 2628 vim
349 2593 519 2638 dicendi).
548 2613 583 2618 —
612 2599 777 2639 (quanta)
805 2596 843 2628 in
868 2595 1120 2639 adfectibus
1154 2595 1318 2634 scientia,
1345 2606 1361 2625 ε
1387 2593 1422 2627 la
1446 2603 1585 2639 perora.
