1887 2901
246 99 298 139 16
770 114 902 141 cAPUT
930 115 958 141 1.
990 104 1012 149 ἓ
1039 101 1196 141 33-34

175 196 219 231 33
244 187 612 240 expositionis,›sed
645 187 764 229 fldem
797 188 967 241 quaerit.
990 188 1105 229 Adde
1126 189 1232 241 quod
1255 188 1310 230 M.
1333 189 1499 230 Tullius
1529 202 1578 231 ne
1609 189 1723 232 Thu-

241 251 413 305 cydiden
443 253 608 306 quidem
639 254 711 293 aut
740 252 1046 305 Xenophontem
1077 252 1200 294 utiles
1237 255 1382 295 oratori
1416 256 1547 308 putat,
1579 267 1723 307 quam-

242 328 366 369 quam
396 317 517 357 illurn
551 316 804 358 bellicum
837 329 1014 366 canere,
1046 316 1170 357 huius
1200 330 1284 359 ore
1314 318 1485 359 Musas
1525 331 1628 360 esse
1658 319 1723 361 lo·

241 386 384 422 cutas
414 381 629 422 existimet.
662 381 778 422 Licet
809 384 943 421 tamen
976 380 1091 421 nohis
1121 381 1162 421 in
1195 380 1513 436 digressionibus
1549 382 1611 424 uti
1656 383 1721 424 vel

242 445 433 486 historico
453 457 754 498 nonnumquam
778 446 918 495 nitore,
933 445 1030 485 dum
1044 445 1084 485 in
1102 445 1179 494 his,
1196 445 1244 486 de
1260 446 1410 499 quibus
1425 447 1504 488 erit
1527 447 1722 500 quaestio,

243 510 562 563 meminerimus,
593 522 669 550 non
701 510 949 550 athletarum
981 509 1093 559 toris,
1125 509 1193 550 sed
1216 510 1398 551 militum
1430 511 1594 552 lacertis
1623 524 1724 564 opus

243 586 340 623 esse,
372 586 444 615 neo
487 574 766 615 versicolorem
807 574 938 620 illam,
971 586 1051 626 qua
1090 574 1324 615 Demetrius
1363 574 1586 616 Phalereus
1616 575 1724 617 dice-

174 647 218 683 311
244 638 364 679 batur
394 639 469 688 uti,
502 642 652 679 vestem
686 639 781 679 bene
827 638 877 678 ad
922 638 1118 679 forensem
1164 637 1372 691 pulverem
1409 639 1550 680 facere.
1582 639 1656 680 Est
1684 645 1724 680 et

243 702 350 743 alius
379 715 424 743 ex
455 702 635 744 historiis
666 715 763 743 usus
785 703 874 744 etis
895 702 1060 756 quidem
1093 703 1307 752 maximus,
1339 702 1408 745 sed
1438 715 1514 744 non
1536 703 1586 744 ad
1607 716 1722 757 prae-

243 769 397 808 sentem
428 767 632 820 pertinens
662 767 811 817 locum,
850 780 894 808 ex
935 768 1164 821 cognitione
1196 780 1331 808 rerum
1354 767 1723 821 exemplorumque,

245 832 394 884 quibus
424 832 464 872 in
496 832 638 885 primis
668 832 893 873 instructus
924 845 1007 874 esse
1038 832 1158 873 debet
1188 833 1331 882 orator,
1364 845 1412 873 ne
1443 834 1580 874 omnia
1610 834 1724 874 testi-

244 897 380 938 monia
409 897 590 950 expectet
620 910 643 938 a
661 896 882 952 litigatore,
905 897 972 938 sed
994 897 1187 950 pleraque
1209 909 1255 938 ex
1274 898 1475 939 vetustate
1506 897 1725 952 diligenter

238 1030 403 1073 positam
429 1029 550 1067 velim,
576 1034 617 1061 ut
639 1028 788 1062 Livium
813 1040 834 1062 a
854 1031 984 1072 pneris
1010 1030 1126 1072 mayis
1151 1039 1262 1073 quam
1283 1028 1532 1068 Sallustium,·
1555 1033 1687 1073 quanto
1704 1039 1724 1063 a

245 1074 413 1108 Sallustio
437 1085 456 1108 6
481 1085 500 1107 a
527 1073 626 1108 Livio
646 1085 676 1107 ν.
695 1077 742 1116 §g
770 1074 934 1108 101-102.
950 1094 988 1099 —
1002 1075 1169 1118 speciem,
1186 1081 1193 1092 ⁶
1209 1073 1243 1107 10
1268 1073 1452 1118 splendore
1469 1073 1560 1108 della
1579 1075 1691 1108 forma
1705 1074 1724 1107 ”.

245 1139 285 1144 -
304 1121 549 1163 expositionis,
565 1119 599 1152 la
613 1124 710 1163 parte
728 1119 987 1159 dell'orazione,
1001 1120 1067 1153 6116
1081 1119 1379 1153 ordinariamente
1396 1119 1414 1153 e
1432 1119 1527 1153 detta
1544 1121 1724 1153 narratio.

245 1184 288 1191 —
335 1166 399 1199 33.
425 1165 519 1198 adde
543 1165 649 1209 quod,
681 1176 711 1198 v.
740 1165 772 1204 2,
798 1164 850 1197 10.
874 1165 925 1197 11.
953 1165 1004 1197 12.
1035 1165 1124 1209 App.
1151 1164 1227 1197 crit.
1253 1183 1295 1189 —
1326 1164 1375 1196 M.
1407 1164 1564 1204 Tullius,
1588 1175 1724 1199 omesso

247 1211 391 1248 Cicero,
419 1220 480 1244 uso
505 1210 688 1254 frequente
725 1209 760 1242 in
796 1209 1025 1251 Quintiliano.
1062 1229 1105 1234 -
1141 1220 1187 1242 ne
1224 1209 1461 1253 Thucydiden
1486 1210 1635 1254 quidem
1659 1216 1725 1243 aut

246 1256 521 1299 Xenophontem
538 1261 696 1298 ...putat,
729 1255 827 1288 Orat.
852 1255 883 1295 9,
909 1254 976 1288 30:
1001 1255 1098 1288 nihil
1121 1255 1167 1288 ab
1191 1265 1229 1288 eo
1255 1254 1354 1296 (Th.)
1379 1257 1581 1299 transferri
1605 1261 1726 1299 potest

244 1302 293 1334 ad
316 1303 498 1344 forensem
525 1311 632 1333 usum
657 1307 691 1333 ec
718 1302 934 1344 publicunm
973 1301 1017 1334 ib.
1055 1300 1113 1333 32:
1150 1301 1255 1333 cuius
1291 1298 1412 1341 (Xen.)
1441 1310 1560 1334 sermo
1585 1306 1638 1333 est
1661 1300 1725 1334 ille

244 1347 393 1390 quidem
418 1345 526 1379 melle
550 1346 707 1384 dulcior,
732 1346 794 1379 secl
818 1358 840 1378 a
863 1347 1003 1388 forensi
1025 1346 1181 1388 strepitu
1205 1346 1480 1378 remotissimus,
1515 1365 1553 1369 —
1587 1355 1723 1389 quam·

243 1387 608 1435 quam...existimet,
640 1390 739 1423 Orat.
770 1391 818 1426 12,
844 1391 904 1424 259:
930 1391 1025 1423 alter
1042 1390 1307 1434 (Thucydides)
1333 1391 1520 1423 incitatior
1543 1392 1667 1433 fertur
1690 1396 1725 1424 et

243 1437 288 1470 tle
314 1436 450 1470 bellicis
474 1437 581 1469 rebus
607 1438 728 1468 canit
752 1439 862 1469 etiam
887 1436 1154 1480 quodammodo
1181 1435 1414 1473 bellicum5
1442 1434 1493 1474 19,
1518 1435 1585 1468 62:
1610 1435 1726 1469 Xeno·

237 1482 388 1525 phontis
402 1492 484 1515 voce
505 1481 655 1514 Musas
673 1483 779 1524 qnasi
805 1481 902 1514 locu
913 1487 978 1514 tas
994 1483 1139 1524 ferunt‚·
1154 1480 1217 1513 cfr.
1232 1484 1322 1513 sotto
1339 1482 1386 1521 ,ξὲ
1400 1480 1454 1519 73,
1473 1479 1527 1513 82.
1541 1499 1582 1504 —
1600 1491 1724 1524 quam·

243 1538 367 1571 quam,
393 1527 447 1560 col
472 1525 701 1570 congiuntivo
726 1527 744 1560 e
769 1526 802 1558 di
830 1537 890 1559 uso
915 1528 1005 1559 assai
1043 1536 1121 1559 raro
1157 1525 1194 1558 in
1226 1524 1406 1563 Cicerone,
1431 1524 1578 1559 laddove
1603 1527 1622 1559 6
1646 1525 1720 1559 fre-

243 1576 372 1616 quente
398 1571 433 1604 in
457 1571 696 1612 Quintiliano,
724 1571 787 1604 cfr.
815 1572 846 1610 2,
864 1570 923 1607 21;
937 1571 969 1610 7,
989 1571 1040 1603 17.
1059 1589 1101 1595 -
1119 1571 1229 1609 nobis,
1255 1570 1472 1603 oratoribus.
1486 1589 1527 1594 —
1543 1570 1723 1609 historico,

243 1617 330 1657 6106,
356 1617 494 1661 proprio
520 1616 611 1649 della
636 1616 754 1650 storia.
772 1637 814 1640 —
832 1618 959 1653 nitore,
984 1621 991 1633 ⁴
1007 1615 1175 1649 nitidezza
1192 1615 1209 1648 ’.
1224 1634 1266 1640 —-
1291 1615 1381 1648 dum
1397 1630 1442 1643 =
1458 1615 1666 1648 dummodo.
1680 1635 1723 1640 —

244 1662 300 1695 his
325 1663 370 1695 de
393 1662 524 1706 quibus
549 1663 620 1695 erit
643 1663 815 1706 quaestio,
841 1662 872 1695 Ie
898 1661 987 1705 parti
1013 1660 1073 1705 piu
1099 1660 1301 1705 importanti
1327 1659 1612 1702 (delsorazione),
1647 1671 1724 1694 con-

244 1712 421 1751 trapposte
446 1707 515 1740 alle
540 1708 792 1751 diyressiones.
819 1725 860 1731 —
885 1707 1111 1739 athletarum
1173 1705 1330 1748 lacertis,
1363 1704 1396 1738 la
1433 1705 1536 1738 solita
1568 1704 1724 1749 imagine

244 1753 391 1786 desunta
416 1751 509 1785 dalla
535 1751 645 1791 lotta;
670 1753 732 1784 cfr.
759 1758 780 1791 ,ξ
805 1752 824 1783 4
851 1751 1022 1784 athletae
1046 1762 1079 1784 n.
1107 1750 1223 1783 ivi.-—-
1249 1754 1347 1789 toris,
1365 1751 1521 1789 lacertis,
1545 1761 1616 1783 una
1647 1761 1724 1784 con-

244 1797 500 1842 trapposizione
525 1797 624 1841 quasi
650 1797 800 1830 identiea
827 1800 848 1838 ξ
866 1797 1076 1835 771carnis,
1093 1795 1326 1829 lacertorum.
1352 1814 1394 1821 -
1419 1806 1519 1838 opas,
1538 1796 1628 1840 App.
1646 1796 1723 1828 crit.

243 1862 287 1868 —
300 1843 553 1876 versicolorem
617 1849 760 1885 vestem,
774 1842 835 1875 cfr.
853 1841 941 1880 vlu,
952 1852 1115 1885 prooem.
1127 1840 1172 1873 20
1187 1852 1194 1872 ;
1220 1841 1451 1874 translucida
1469 1848 1502 1874 ec
1530 1840 1724 1874 versicolor

243 1889 479 1932 quorundam
497 1888 649 1921 elocutio
661 1899 671 1927 ;
684 1887 789 1920 illam
804 1887 978 1920 dovr-ebho
997 1896 1191 1920 accennare
1205 1897 1225 1918 a
1243 1896 1323 1926 cosa
1339 1891 1431 1924 nota,
1445 1896 1543 1919 come
1556 1885 1723 1919 dimostra

244 1933 358 1967 anche
383 1933 575 1966 dicebatur
599 1932 796 1975 (s'intende,
814 1932 869 1965 dai
888 1933 964 1966 suoi
990 1931 1301 1975 contemporanei),
1318 1942 1373 1963 nia
1390 1941 1458 1964 non
1476 1941 1518 1964 ne
1543 1931 1724 1975 sappiamo

243 1979 344 2012 altro.
381 1998 422 2002 -—
462 1979 669 2011 Demetrius
707 1977 925 2017 Phalereus,
950 1988 982 2011 v.
1008 1982 1029 2015 ξ
1068 1978 1120 2008 80.
1158 1995 1200 2001 -
1227 1977 1313 2010 bene
1336 1976 1386 2009 ad
1404 1978 1579 2019 ...facere
1603 1976 1666 2009 cfr.
1691 1975 1724 2013 5,

246 2024 309 2056 11:
347 2024 385 2056 in
423 2023 487 2057 hoc
523 2025 655 2066 optime
686 2024 833 2066 facient.
868 2042 909 2047 —
946 2023 995 2055 ad
1029 2024 1210 2066 sorensem
1235 2022 1439 2064 pulverem,
1476 2022 1542 2054 cfr.
1580 2019 1653 2054 Cic.
1679 2021 1725 2055 de

246 2069 354 2112 Leyy.
383 2067 439 2107 lll,
462 2069 494 2108 6,
523 2068 583 2100 14:
617 2068 820 2101 Phalereus
848 2068 909 2101 ille
940 2069 1144 2101 Demetrius
1206 2067 1428 2101 mirabiliter
1451 2066 1660 2099 doctrinam.
1677 2076 1724 2099 ex

245 2113 474 2148 umbraculis
498 2114 732 2147 eruditorum
750 2115 891 2157 otioque
914 2124 985 2145 non
1014 2113 1117 2146 modo
1136 2124 1172 2144 m
1190 2112 1301 2146 solem
1327 2118 1436 2156 atque
1461 2113 1498 2143 in
1522 2111 1724 2154 pulverem,

244 2160 307 2192 sed
331 2161 369 2191 in
396 2161 516 2203 ipsum
552 2159 750 2192 discrimen
786 2160 973 2202 aciemque
994 2158 1196 2201 produ-vin
1225 2168 1256 2190 v.
1282 2157 1313 2195 5,
1340 2157 1379 2189 17
1407 2168 1439 2189 n.
1464 2167 1483 2189 a
1514 2157 1656 2190 umbra.
1682 2175 1723 2180 —-

245 2205 311 2239 34.
331 2215 403 2237 non
423 2205 471 2237 ad
483 2209 715 2248 praesentem
775 2204 904 2243 locum,
920 2203 1044 2247 poiche
1060 2203 1204 2236 fautore
1223 2202 1281 2246 qui
1301 2206 1403 2235 tratta
1423 2201 1615 2235 solamente
1632 2200 1723 2234 della

247 2249 361 2282 utilita
388 2249 453 2283 6116
479 2250 506 2281 si
535 2251 601 2293 pud)
627 2249 782 2282 ricavare
809 2259 869 2293 per
895 2249 926 2281 la
951 2249 1103 2281 elocutio
1137 2248 1229 2280 dalla
1269 2248 1395 2280 lettura
1420 2246 1510 2280 delle
1531 2257 1635 2290 opere
1659 2249 1725 2280 sto-

247 2295 343 2328 1·16116
370 2295 578 2337 (historiis->2
603 2293 693 2327 della
721 2294 903 2333 necessita,
928 2293 993 2327 che
1021 2293 1063 2325 ha
1091 2293 1250 2326 l'oratore
1276 2293 1310 2324 di
1335 2302 1521 2326 conoscere
1547 2292 1579 2324 la
1604 2291 1724 2333 storia,

247 2340 344 2383 pai-Ia
373 2339 449 2379 XII,
475 2340 493 2371 4
519 2340 601 2382 (cfr.
625 2339 665 2377 II,
690 2339 722 2376 4,
747 2338 806 2371 20:
834 2338 889 2375 Ill,
914 2340 946 2376 ὃ,
971 2338 1030 2370 (17;
1060 2338 1099 2375 Υ,
1122 2339 1170 2373 11,
1201 2339 1241 2378 l).
1266 2337 1400 2370 benche
1425 2347 1493 2370 non
1518 2346 1584 2370 con
1607 2335 1724 2380 quella

248 2385 431 2427 larg-:hema
465 2385 498 2417 di
533 2385 658 2418 vedute
683 2383 749 2417 6116
783 2384 1012 2427 l'argomento
1039 2383 1310 2416 richioderebbe.
1343 2382 1481 2423 Quanto
1516 2381 1587 2414 alla
1623 2381 1726 2419 srase,

247 2442 278 2461 v.
305 2435 327 2469 ,ξ
352 2431 416 2461 Γιῖε
456 2430 504 2462 ad
536 2435 767 2473 praesentem
805 2432 997 2461 materiam
1039 2429 1133 2460 nihil
1164 2430 1334 2472 pertinet.
1360 2447 1402 2452 —
1438 2437 1578 2465 rerum,
1602 2427 1726 2469 ‘argo-

249 2475 392 2507 111()1,·11’.
418 2494 460 2500 —
487 2475 680 2518 litnfflttore.
709 2485 807 2508 come
835 2474 903 2508 tale
936 2473 1087 2507 sor-nisce
1112 2474 1201 2506 delle
1239 2483 1344 2517 prove
1379 2470 1412 2505 al
1447 2482 1510 2504 suo
1545 2476 1725 2504 avvoeato.

247 2539 288 2544 —
322 2520 686 2563 pleraque...sumac
719 2522 776 2562 (nt
807 2526 953 2559 suniat),
987 2520 1166 2555 Cicerone,
1191 2523 1328 2552 oratore
1352 2528 1370 2551 e
1408 2527 1475 2550 11011
1500 2515 1652 2549 soltanto
1677 2527 1726 2550 re·

248 2569 332 2604 tore,
360 2565 435 2597 (116(-
462 2565 683 2604 n‹:.¹i1-ittu1·a,
708 2566 751 2597 (le
776 2566 873 2597 (Ji-at.
892 2563 916 2603 I,
940 2564 971 2599 ἴ),
993 2564 1046 2596 1⁸:
1076 2565 1229 2597 tenenda
1292 2569 1342 2596 est
1365 2573 1427 2596 om
1439 2564 1508 2595 nis
1525 2562 1727 2606 antiquitas

246 2611 296 2656 (di
326 2611 376 2645 :ui
404 2611 422 2644 ὁ
446 2611 622 2646 simonium
650 2611 682 2644 la
702 2617 859 2645 retemtas
885 2609 918 2644 di
935 2609 1178 2654 Quintiliano).
1206 2629 1238 2635 ω
1271 2609 1425 2653 comica,
1462 2618 1505 2641 va
1541 2618 1606 2642 con
1634 2614 1726 2641 occu·
