1887 2901
275 124 353 162 116
829 134 960 161 cnm·
991 133 1063 161 vn.
1099 123 1119 169 ἓ
1146 121 1198 160 33

272 210 461 251 conferre.
495 209 612 249 Facit
641 208 747 249 enim
779 207 981 248 ediscendi
1012 207 1311 261 neglegentiam
1353 208 1452 249 haec
1482 207 1570 261 ipsa
1600 206 1752 248 fidncia

272 275 314 315 et
341 274 494 315 lacerat
524 286 569 314 ac
600 271 799 313 deformat
828 271 1063 312 orationem.
1095 271 1180 326 Ego
1219 273 1356 313 autem
1403 284 1450 314 ne
1491 273 1751 313 scribendum

272 338 436 391 quidem
467 340 578 392 puto,
610 336 715 390 quod
745 349 822 378 non
854 337 982 378 simus
1029 336 1222 378 memoria
1251 337 1526 390 persecuturi;
1557 349 1651 378 nam
1681 337 1752 378 hic

273 416 431 456 quoqne
463 402 611 444 accidit
641 402 688 443 ut
718 403 875 443 revocet
919 413 989 442 nos
1020 400 1213 456 cogitatio
1244 400 1295 441 ad
1337 401 1412 442 illa
1441 401 1648 443 elaborata
1679 413 1752 442 nee

206 480 249 514 :53
272 469 380 509 sinat
409 468 659 520 praesentem
690 466 894 507 fortunam
926 465 1110 519 experiri.
1144 465 1211 506 Sic
1234 477 1380 518 anceps
1400 465 1507 507 inter
1529 467 1752 518 utrumque

273 532 433 572 animus
465 532 635 579 aestuat,
668 543 761 571 cnm
792 532 832 571 et
863 531 1014 583 scripta
1044 529 1222 583 perdidit
1251 532 1293 571 et
1328 542 1406 571 non
1446 531 1607 583 quaerit
1636 542 1750 571 nova.

274 596 350 638 Sed
380 596 427 637 de
460 595 652 636 memoria
683 595 910 636 destinatus
955 597 1016 636 est
1060 595 1164 635 libro
1200 595 1379 647 proximo
1408 594 1521 636 loeus
1552 607 1624 636 nec
1655 594 1752 636 huic

272 661 378 715 parti
410 659 729 714 subiungendus,
752 660 850 712 quia
880 661 976 700 sunt
1005 659 1088 700 alia
1118 659 1232 712 prius
1263 659 1377 700 nobis
1399 658 1582 701 dicenda.

275 787 369 816 tanto
396 793 464 815 nna
490 786 587 826 parte
613 781 647 814 di
686 793 731 814 un
770 792 870 826 passo
895 782 927 814 di
956 781 1086 815 Lenate
1111 791 1130 814 ο
1157 779 1189 814 10
1216 780 1402 817 riassume:
1427 780 1539 814 donde
1565 780 1599 814 la
1635 781 1753 814 confu-

273 828 371 861 sione
389 827 480 861 della
499 828 590 860 frase
615 827 742 860 intera:
771 829 810 859 in
828 826 917 860 his...
951 829 1130 869 conferre.
1156 845 1196 849 —-
1222 828 1354 869 capita,
1380 826 1389 858 i
1415 825 1543 869 singoli
1561 825 1651 869 capi,
1667 836 1687 859 o
1705 826 1752 858 di-

274 872 400 907 visioni
419 872 454 905 in
483 871 659 915 generale.
684 891 726 896 -
752 872 872 906 haec...
897 871 1035 915 fiducia
1052 887 1095 899 =
1111 871 1249 914 fiducia
1274 870 1385 904 leuius
1409 872 1480 906 rei:
1507 881 1539 905 v·
1564 869 1595 908 3,
1621 870 1658 902 2:
1684 870 1752 904 hac

274 919 491 951 conscientia
524 928 542 950 e
568 927 600 949 n.
627 937 669 940 —
695 917 792 961 quod
816 927 888 950 non
925 917 1050 955 simus,
1083 918 1172 960 App.
1199 915 1274 948 crit.
1300 934 1343 940 —
1369 917 1544 949 memoria
1577 925 1750 958 persecu-

274 965 362 1000 turi,
386 962 549 1006 significa
574 972 677 995 senza
703 961 831 995 dubbio
858 973 876 993 ‹<
895 961 1062 994 mandare
1087 972 1106 993 a
1132 960 1356 999 memoria»;
1387 959 1468 993 altri
1504 961 1587 1005 pero
1612 960 1752 1004 spiega:

274 1007 370 1050 «(οἰὸ
394 1007 428 1039 di
453 1007 509 1040 cui
534 1007 722 1051 possiamo)
740 1006 949 1040 assicurarci
960 1019 978 1038 »
995 1017 1014 1039 o
1029 1019 1046 1037 «
1058 1016 1152 1040 esser·
1167 1005 1273 1038 sicori
1289 1005 1442 1039 soltanto
1456 1016 1516 1049 per
1531 1016 1645 1038 mezzo
1660 1004 1752 1039 della

273 1052 441 1086 memoria
450 1064 487 1089 »;
511 1052 591 1084 altri
611 1062 739 1085 ancora
755 1064 794 1086 z«
803 1051 1010 1095 (solamente
1027 1050 1082 1086 οἰὸ
1096 1050 1175 1092 che)
1188 1049 1222 1083 la
1239 1050 1408 1084 memoria
1422 1052 1489 1095 pub
1499 1060 1707 1084 conservare
1720 1062 1751 1083 ».

273 1117 314 1122 —
341 1098 398 1131 hic
423 1107 574 1141 quoque.
602 1107 699 1130 come
725 1097 781 1130 nel
807 1107 888 1130 caso
905 1096 939 1129 di
953 1096 1010 1129 cni
1027 1095 1173 1137 Quintil.
1201 1094 1245 1128 ha
1271 1095 1407 1140 pai-lato
1432 1094 1642 1140 aproposito
1659 1094 1753 1128 della

273 1143 454 1187 σορίίατίο,
466 1141 498 1182 6,
511 1142 576 1175 5-7.
596 1143 684 1186 App.
699 1142 775 1175 erit.
786 1147 1062 1185 —praesentem
1073 1142 1278 1185 fortunam,
1290 1140 1354 1175 cfr.
1368 1140 1401 1180 6,
1417 1140 1450 1173 1;
1465 1140 1752 1184 extemporalem

271 1190 477 1232 fortunam.
500 1207 543 1211 —
591 1188 654 1220 33.
681 1193 892 1231 utrumque,
911 1186 943 1221 le
967 1196 1048 1220 cose
1073 1185 1194 1219 scritte
1219 1195 1238 1218 e
1255 1185 1372 1230 quelle
1396 1186 1462 1219 che
1487 1185 1519 1219 le
1537 1185 1753 1219 circostanze

273 1243 421 1277 possono
445 1231 628 1276 suggerire
653 1232 678 1265 1‘1
704 1243 764 1276 per
790 1231 825 1264 li.
854 1252 894 1256 -
915 1231 1092 1276 perdidit,
1116 1231 1153 1264 in
1178 1240 1420 1274 conseguenza
1453 1230 1545 1264 della
1570 1230 1754 1264 ediscendi

273 1278 514 1321 neglegentia,
538 1287 600 1321 pet·
619 1277 658 1310 ⁴la
683 1277 786 1321 quale
812 1277 973 1310 l'oratoi·e
998 1287 1066 1310 non
1092 1275 1227 1310 ricorda
1255 1276 1311 1320 pisi
1338 1276 1393 1309 οἰὸ
1419 1275 1486 1309 che
1500 1275 1545 1308 ha
1562 1275 1694 1309 scritto.
1710 1295 1753 1299 —

272 1334 345 1356 non
370 1325 517 1367 quaerit
540 1333 645 1361 nova,
671 1322 706 1354 in
732 1326 863 1366 quanto
882 1322 1042 1356 l'oratore
1060 1322 1078 1355 e
1096 1326 1265 1364 occupato
1284 1333 1301 1354 a
1321 1320 1532 1354 riehiamare
1549 1320 1619 1354 aila
1636 1324 1754 1354 mente

273 1367 306 1401 le
331 1378 409 1401 cose
434 1367 564 1401 sei-itte.
591 1386 631 1391 —
658 1367 702 1400 de
744 1368 932 1403 memoria,
969 1366 1101 1400 intendi
1139 1367 1381 1410 disputationi
1417 1367 1461 1399 de
1495 1367 1685 1399 memoria.
1710 1384 1752 1390 —

274 1413 388 1491 loeusi
409 1412 433 1445 il
460 1423 535 1457 cap.
562 1411 591 1445 ll
617 1411 685 1455 (del
713 1411 801 1446 libro
826 1412 902 1456 xl).
927 1432 969 1437 —
995 1413 1071 1445 alia
1091 1412 1213 1456 prius,
1239 1411 1314 1445 cioe
1339 1413 1383 1444 de
1399 1417 1483 1455 apte
1506 1411 1658 1444 dicendo
1675 1408 1752 1453 (XI,

273 1468 349 1502 cap.
389 1459 413 1502 ).
