1887 2901
716 131 848 158 cnm·
876 133 905 159 1.
935 122 956 168 ἓ
985 119 1036 158 35
1049 121 1143 159 --37
1619 123 1668 162 17

195 206 275 248 sibi
304 205 466 262 cognita
496 206 643 258 sumat,
665 206 738 247 hoc
763 207 998 259 potentiora,
1023 205 1127 258 quod
1149 218 1195 247 ea
1219 205 1303 247 sola
1325 206 1566 248 criminibus
1586 208 1666 249 odii

194 272 236 313 et
264 272 420 326 gratiae
451 272 606 312 vacant.

250 337 286 376 A
315 335 645 388 philosophorum
669 346 760 376 vero
782 333 953 376 lectione
974 336 1021 376 ut
1040 335 1174 376 essent
1195 335 1325 376 multa
1347 336 1461 376 nobis
1482 336 1665 389 petenda,
1690 345 1734 379 35

195 399 294 442 vitio
323 399 476 440 factum
508 401 568 440 est
597 401 814 449 oratorum,
846 399 916 452 qui
947 399 1111 452 quidem
1143 399 1229 440 illis
1259 400 1413 453 optima
1443 400 1506 442 sui
1537 401 1666 454 operis

194 465 305 518 parte
336 465 553 505 cesserunt.
578 463 681 504 Nam
708 465 749 505 et
768 463 816 505 de
837 464 971 513 iustis,
993 464 1182 513 honestis,
1207 464 1380 506 utilibus
1410 465 1541 517 iisque
1563 477 1666 518 quae

193 530 288 570 sunt
318 527 407 569 istis
437 528 649 576 contraria,
681 531 721 570 et
750 528 798 570 de
828 529 946 569 rebus
977 527 1126 569 divinis
1157 529 1330 570 maxime
1362 529 1504 570 dieunt
1533 532 1574 571 et
1603 542 1668 570 ar-

192 593 484 648 gumentantur
505 593 652 634 acriter
674 592 812 635 Stoici.
834 594 873 634 et
895 593 1226 634 altercationibus
1247 595 1369 646 atque
1391 593 1666 649 interrogatio-

193 657 314 698 nibus
343 658 539 698 oratorem
573 657 756 698 futurum
789 657 939 710 optime
984 656 1175 699 Socratici
1209 660 1461 711 praeparant.
1495 657 1571 699 Sed
1603 659 1666 700 his
1689 665 1732 699 36

193 734 351 775 quoque
382 721 656 763 adhibendum
678 724 739 763 est
759 721 893 763 simile
915 721 1126 771 iudicium,
1149 725 1196 763 ut
1217 722 1339 763 etiam
1369 735 1461 764 cum
1483 723 1524 763 in
1547 724 1666 765 rebus

191 798 396 828 versemur
424 786 564 834 isdem,
598 799 673 828 non
704 788 839 827 tamen
870 787 1037 828 eandem
1069 799 1151 828 esse
1183 787 1458 828 condicionem
1487 788 1665 829 sciamus

191 850 330 892 litium
362 863 407 892 ac
438 850 776 904 disputationum,
798 851 872 892 fori
904 852 945 892 et
974 850 1181 900 auditorii,
1204 852 1506 905 praeceptorum
1538 854 1579 894 et
1598 866 1666 907 pe-

192 915 428 957 riculorum.

248 979 374 1023 Credo
404 981 610 1022 exacturos
640 980 864 1034 plerosque,
896 992 989 1022 cum
1020 982 1180 1022 tantum
1203 993 1286 1022 esse
1317 981 1512 1023 utilitatis
1541 981 1583 1023 in
1613 982 1664 1024 le·
1689 993 1730 1028 37

194 1140 296 1169 state.
332 1152 376 1160 —
401 1134 465 1168 hoc
495 1135 703 1178 potentiora
732 1134 884 1179 quod....
910 1133 973 1167 cfr.
1000 1133 1041 1174 V,
1069 1133 1120 1173 11,
1144 1133 1208 1167 37:
1236 1136 1439 1168 testimonia
1463 1140 1592 1168 sunt...
1608 1135 1665 1169 vel

191 1180 398 1224 potentiora
422 1181 532 1213 etiam
557 1179 653 1223 quod
677 1189 750 1212 non
786 1180 904 1212 causis
935 1179 1204 1212 accommodata
1229 1185 1324 1216 sunt.
1349 1180 1412 1214 sed
1437 1180 1560 1214 liberis
1584 1180 1664 1214 odio

194 1230 228 1259 et
248 1226 374 1268 qratia
401 1226 578 1258 mentibus
606 1224 682 1257 ideo
709 1229 852 1257 tantum
877 1225 974 1257 dicta
997 1226 1176 1269 factaque,
1210 1226 1297 1269 quia
1326 1231 1390 1257 aut
1413 1224 1665 1259 honestissima

194 1277 260 1303 auc
286 1271 474 1303 verissima
501 1270 729 1302 videbantur.
749 1289 789 1293 —-
804 1271 1020 1302 criminibus
1080 1276 1220 1309 vacant,
1240 1269 1258 1303 e
1277 1269 1301 1302 il
1319 1271 1396 1303 sine
1420 1271 1477 1303 ira
1495 1276 1529 1304 et
1544 1271 1664 1304 studio

195 1314 228 1348 di
254 1314 377 1347 Tacito
403 1315 499 1347 Arm.
527 1314 550 1352 1,
577 1313 606 1345 1.

239 1360 303 1393 35.
330 1360 415 1392 vitio
431 1363 669 1397 ...cesset-unt,
694 1368 773 1392 cosa
799 1357 857 1402 gia
883 1358 976 1392 detta
1002 1358 1043 1391 da
1069 1358 1286 1399 Quintiliano
1304 1359 1416 1392 anche
1434 1359 1489 1393 nel
1509 1360 1664 1404 proemio

194 1403 250 1438 del
277 1404 335 1437 lib.
361 1403 392 1440 Ι,
417 1406 439 1445 S
466 1403 518 1437 13.
554 1402 580 1436 Il
617 1403 705 1436 fatto
740 1413 799 1437 era
835 1407 925 1437 stato
963 1409 1159 1437 constatato
1194 1404 1307 1448 prima
1343 1403 1386 1436 da
1417 1404 1585 1438 Cicerone
1621 1405 1666 1439 de

201 1447 301 1482 Orat.
328 1448 352 1486 1,
372 1448 423 1485 15,
441 1447 506 1481 68:
525 1449 743 1492 ...quoniam
765 1447 995 1492 philosophia
1023 1450 1059 1481 in
1086 1455 1157 1482 tres
1179 1455 1303 1491 partes
1327 1455 1378 1481 est
1395 1449 1602 1487 clislribuea.
1627 1452 1665 1482 in

193 1499 354 1527 naturae
377 1493 633 1527 obscuritatem
650 1493 697 1536 (la
719 1494 840 1534 fisica),
860 1494 897 1525 in
915 1493 1118 1527 disserendi
1134 1493 1370 1527 subtilitatem.
1389 1494 1436 1537 (la
1462 1495 1665 1537 dialettica).

195 1540 233 1571 in
258 1539 371 1571 vitam
396 1544 505 1583 atque
527 1549 646 1572 mores
669 1537 828 1580 (l'etica),
853 1538 925 1571 duo
952 1538 1018 1570 illa
1045 1538 1300 1583 relinquamus
1323 1544 1431 1583 atque
1457 1539 1667 1583 larqiamur

194 1584 401 1618 inertiae
424 1588 620 1617 nostrae.
646 1603 687 1607 -
711 1594 843 1626 operis,
872 1594 903 1616 v.
929 1586 951 1625 ἓ
975 1583 1014 1616 31
1044 1595 1076 1616 n.
1101 1603 1144 1608 —
1180 1584 1223 1617 dc
1247 1585 1352 1617 iustis
1367 1586 1607 1622 ...contrat-ia,
1634 1586 1665 1618 la

195 1632 292 1673 parte
317 1627 490 1662 dell'etica
515 1628 580 1661 che
605 1628 767 1671 rigum-«la
788 1627 844 1671 pisi
863 1628 1114 1672 specialiiicnte
1131 1628 1139 1660 i
1159 1628 1287 1662 doveri.
1302 1648 1343 1654 —
1368 1635 1463 1662 sunt.
1484 1631 1570 1675 App.
1590 1631 1664 1663 crit.

194 1693 237 1698 —
255 1675 417 1706 maxime
433 1689 477 1701 =
491 1675 731 1716 potissimum.
747 1692 788 1697 ——
806 1673 926 1711 Stoici,
943 1673 962 1706 e
986 1674 1084 1716 quasi
1104 1673 1229 1707 inutile
1254 1674 1427 1708 ricordare
1444 1674 1510 1708 che
1551 1686 1666 1709 resero

194 1729 296 1752 nome
313 1717 408 1751 dalla
425 1720 519 1752 στοὰ
545 1720 697 1760 ποικίλη,
723 1718 745 1750 il
774 1718 905 1761 portico
930 1717 965 1750 di
991 1720 1115 1756 Atene,
1140 1723 1230 1752 sotto
1255 1719 1278 1751 il
1315 1719 1419 1763 quale
1450 1730 1509 1752 era
1528 1687 1567 1753 la
1594 1719 1666 1754 loro

194 1762 325 1797 scuola.
351 1762 388 1797 Si
405 1762 677 1806 distinguevano
701 1762 951 1806 specialmente
976 1763 1235 1806 perl'acutezza
1251 1763 1341 1797 delle
1354 1765 1666 1808 argomentazioni,

193 1819 293 1842 come
309 1807 442 1842 altrove
467 1813 609 1841 avverte
634 1807 667 1841 lo
691 1812 799 1841 stesm
812 1807 930 1848 Quint.
955 1807 1048 1850 (ΧΠ,
1066 1809 1097 1840 2.
1114 1808 1186 1850 25>ε
1203 1809 1310 1842 Stoici
1368 1809 1490 1843 nullos
1507 1816 1573 1842 aut
1586 1821 1667 1854 pro-

198 1853 285 1887 bare
308 1854 432 1886 acrius
457 1858 524 1885 aut
539 1852 756 1886 concludere
771 1852 942 1886 subtilius
954 1853 1187 1886 contendunt.
1207 1854 1295 1897 App.
1314 1854 1391 1886 crit.
1411 1875 1449 1878 -
1466 1854 1667 1889 altercacio-

194 1898 313 1935 nibus,
332 1897 519 1931 altercatio
536 1897 554 1930 e
573 1897 604 1930 la
631 1897 844 1930 discussione
870 1898 922 1930 fra
947 1897 996 1941 gli
1022 1897 1183 1931 avvocati
1202 1898 1292 1931 delle
1310 1898 1376 1932 <lue
1396 1898 1483 1942 parti
1509 1899 1665 1944 litiganti

195 1949 262 1975 aut
278 1942 538 1985 interroyando
555 1948 620 1974 auc
637 1942 895 1985 respondendo,
912 1953 931 1975 e
955 1942 983 1974 si
1009 1947 1244 1986 contrappone
1262 1942 1330 1975 alla
1350 1946 1466 1977 oracio
1479 1950 1666 1978 continua.

194 1987 412 2028 Quintiliano
438 1997 479 2020 ne
505 1991 608 2020 tratta
634 1986 667 2019 di
695 1986 869 2031 proposito
895 1987 952 2025 Vl,
970 1986 989 2019 4
1008 1998 1026 2020 e
1052 1987 1084 2019 la
1109 1988 1247 2021 chiama
1272 1989 1363 2021 accio
1390 1989 1507 2023 brevis
1530 1996 1565 2023 et
1589 2001 1667 2024 con-

194 2034 280 2071 cisa,
304 2037 438 2066 mentre
462 2031 538 2065 dice
563 2031 594 2064 la
621 2033 797 2065 contraria
821 2033 912 2065 accio
934 2038 1111 2076 perpetua
1125 2035 1161 2073 (ξ
1178 2032 1222 2074 2).
1240 2051 1282 2057 -—
1297 2032 1481 2071 Socratici.
1509 2034 1668 2072 Platone„

196 2077 385 2111 Senofonte
410 2076 450 2110 ed
471 2075 622 2110 Eseliine
638 2076 819 2115 socratico,
838 2076 928 2110 nelle
946 2077 1002 2110 cui
1027 2087 1141 2121 opere.
1160 2077 1362 2117 filosofiebe,
1379 2078 1499 2112 scritto
1517 2091 1536 2113 a
1555 2080 1667 2114 forma

195 2122 231 2155 di
254 2121 408 2166 dialogo,
439 2122 528 2154 adeo
561 2123 671 2155 scitae
705 2127 790 2154 sunt
826 2123 1138 2165 inter-royaciones,
1164 2128 1215 2157 ut.
1240 2133 1323 2156 cum
1355 2124 1544 2168 plerisque
1579 2126 1668 2159 bene

195 2167 470 2212 respondeatur,
497 2177 553 2199 res
579 2172 699 2199 tamen
734 2167 784 2199 ad
819 2166 867 2204 id,
891 2167 988 2211 quod
1012 2167 1142 2200 volunt
1164 2167 1320 2212 efficere,
1338 2170 1533 2211 perveniat
1554 2169 1612 2211 (V,
1635 2170 1668 2210 7,

192 2211 263 2254 28).
289 2232 330 2237 —
356 2212 420 2245 36.
447 2212 501 2243 his
526 2221 677 2255 quoque,
701 2210 776 2246 cioe
799 2221 897 2245 come
924 2223 983 2255 per
1008 2212 1018 2245 i
1044 2211 1136 2256 poeti
1155 2223 1173 2245 e
1192 2223 1251 2256 per
1268 2212 1317 2256 gli
1343 2214 1481 2251 storici3
1510 2215 1566 2248 his
1583 2226 1668 2249 sono

195 2257 206 2290 i
231 2256 366 2291 filosofi.
394 2276 432 2280 —
460 2256 648 2292 iudicium,
673 2267 705 2290 v,
730 2258 752 2297 ἓ
776 2256 798 2289 8
822 2267 855 2289 n.
880 2275 922 2281 —
947 2260 1221 2295 nesciamus,
1248 2258 1484 2301 proposizione
1509 2270 1669 2294 consecu-

195 2301 280 2340 tiva,
305 2312 374 2336 non
399 2301 513 2334 finale.
540 2321 582 2325 -——
608 2301 732 2342 isdem,
768 2311 829 2344 per
863 2301 911 2345 gli
948 2302 1076 2335 oratori
1102 2313 1120 2335 e
1147 2312 1206 2346 per
1232 2304 1240 2334 i
1268 2302 1407 2336 filosofi.
1433 2323 1476 2328 —
1511 2305 1671 2349 disputa-

196 2348 348 2386 tionum,
373 2346 427 2380 dei
453 2346 598 2379 filosofi:
636 2357 655 2378 a
690 2346 981 2389 disputationum
1018 2347 1289 2391 corrispondono
1325 2348 1504 2381 auditorii
1526 2360 1545 2383 e
1564 2361 1669 2393 prae-

194 2397 381 2435 ceptorum
406 2391 439 2432 (e
464 2396 611 2431 neutro),
637 2402 656 2423 a
683 2391 815 2430 litium,
839 2392 913 2433 fori
948 2401 967 2424 e
1000 2393 1254 2435 periculorum
1287 2392 1464 2436 (processi,
1498 2393 1533 2427 in
1557 2394 1614 2428 cui
1639 2396 1667 2428 si

197 2441 348 2470 trattava
373 2436 466 2470 della
490 2435 562 2468 vita
587 2446 607 2468 o
631 2434 722 2469 delle
745 2440 903 2469 sostanze
920 2436 1190 2472 dell'accusato:
1214 2437 1276 2470 cfr.
1296 2436 1353 2475 lv,
1377 2437 1410 2474 2,
1431 2437 1515 2471 1⁶22:
1541 2441 1669 2484 capitis

195 2487 262 2515 aut
284 2483 527 2524 fortunarum
547 2481 740 2523 pericula).
770 2500 806 2504 —
833 2481 1020 2519 auditorii,
1047 2486 1294 2526 contrapposto
1311 2493 1331 2515 a
1354 2483 1441 2526 fori,
1465 2493 1562 2518 come
1586 2488 1609 2526 ἓ
1628 2485 1670 2518 79

195 2538 215 2560 a
239 2526 404 2562 iudiciis.-
428 2525 656 2558 auditorium
681 2535 739 2558 era
766 2536 812 2558 un
838 2524 942 2570 luogo
966 2526 1090 2559 chiuso
1115 2538 1175 2570 per
1192 2526 1575 2567 conferenze‚diciamo
1600 2540 1669 2568 noi.

195 2582 215 2606 e
237 2571 375 2616 dispute
401 2569 577 2604 letterarie
601 2581 620 2603 e
645 2569 850 2603 filosoficbe.

239 2616 301 2650 37.
328 2623 368 2649 ut
392 2616 493 2653 idm,
520 2613 778 2648 naturalmente
802 2614 949 2660 dipende
975 2615 1018 2648 da
1047 2621 1251 2648 exat-turne.
1276 2635 1319 2641 —
1350 2619 1463 2658 oneri,
1486 2618 1598 2652 forma
1624 2629 1670 2652 un

265 2695 357 2725 BAssi,
380 2694 495 2729 Quintil.
519 2694 611 2720 Imm.
633 2694 746 2720 orator.
767 2694 799 2721 L.
820 2694 854 2721 X.
872 2695 902 2720 2·
922 2694 991 2721 ediz.
1585 2698 1601 2723 2
