1887 2901
292 135 342 173 94
817 147 950 174 οΑΡυτ
979 148 1020 174 ν.
1051 137 1072 182 ξ
1100 136 1226 175 8-11

244 231 265 265 8
290 220 456 262 ducunt.
488 219 571 262 Sua
591 220 782 261 brevitati
813 222 959 274 gratia,
991 233 1064 262 sua
1094 222 1247 274 copiae,
1277 221 1357 263 alia
1380 221 1593 264 translatis
1622 222 1768 274 virtus,

289 285 372 326 alia
401 286 586 339 propriis,
617 286 692 326 hoc
721 285 849 326 oratio
879 287 1001 335 recta,
1030 284 1135 326 illud
1167 285 1301 340 figura
1329 285 1535 329 declinata
1564 299 1766 330 commen-

288 348 370 391 dat.
403 350 496 404 Ipsa
525 349 701 402 denique
731 349 955 391 utilissima
983 351 1047 391 est
1075 349 1353 392 exercitationi
1385 351 1622 393 difficultas.
1656 350 1769 404 Quid

287 413 394 466 quod
414 415 596 455 auctores
627 413 793 454 maximi
824 413 881 454 sic
903 412 1144 468 diligentius
1173 416 1499 468 cognoscuntur?
1531 415 1618 457 Non
1650 417 1768 466 enim-

286 478 438 531 Scripta
476 477 648 519 lectione
687 489 825 519 secura
863 478 1192 527 transcurrimus,
1232 478 1302 519 sed
1336 479 1562 521 tractamus
1601 479 1767 534 singula

285 542 327 583 et
355 542 577 584 necessario
616 541 922 595 introspicimus
962 544 1015 591 et,
1047 544 1248 594 quantum
1279 542 1447 585 virtutis
1476 543 1668 595 habeant,
1700 544 1766 586 vel

284 606 359 647 hoc
389 607 474 659 ipso
505 606 795 661 cognoscimus,
818 605 923 658 quod
954 605 1110 647 imitari
1142 619 1220 648 non
1250 618 1478 660 possumus.

238 678 260 712 9
340 670 424 712 Nec
444 671 576 712 aliena
597 672 756 712 tantum
779 670 1007 720 transferre,
1024 669 1092 712 sed
1114 671 1240 712 etiarn
1262 672 1397 712 nostra
1418 672 1607 725 pluribus
1629 671 1764 714 modis

283 736 456 776 tractare
487 735 677 788 proderit,
708 737 756 776 ut
785 747 830 775 ex
861 734 1063 775 industria
1082 747 1294 776 sumamus
1315 736 1538 778 sententias
1561 737 1759 790 quasdam

283 812 428 852 easque
458 812 664 841 versemus
693 812 815 851 quam
848 799 1189 849 numerosissime,
1218 800 1331 841 velut
1360 799 1503 841 eadem
1534 813 1626 842 cera
1656 801 1764 842 aliae

216 868 259 902 10
283 863 467 917 aliaeque
497 863 648 904 formae
678 863 771 904 duci
803 862 943 905 solent.
963 863 1196 904 Plurimum
1221 866 1357 905 autem
1382 865 1513 917 parari
1549 864 1764 906 facultatis

281 927 467 969 existimo
497 941 542 969 ex
572 927 879 981 simplicissima
908 940 1068 981 quaque
1091 928 1274 969 materia.
1296 927 1402 969 Nam
1430 929 1505 969 illa
1537 928 1761 983 multiplici

280 1004 554 1046 personarum,
585 1005 812 1040 causarum,
845 994 1086 1045 temporum,
1109 992 1302 1042 locorum,
1324 992 1541 1042 dictorum,
1559 993 1761 1035 factorum

281 1057 514 1098 diversitate
545 1057 664 1098 facile
695 1056 905 1098 delitescet
936 1056 1167 1107 infirmitas,
1198 1058 1260 1098 tot
1279 1069 1319 1098 se
1341 1057 1522 1110 undique
1559 1057 1693 1106 rebus,
1716 1071 1763 1100 ex

213 1130 252 1164 11
281 1121 429 1174 quibus
451 1121 634 1174 aliquam
657 1121 944 1175 adprehendas,
961 1121 1235 1163 offerentibus.
1254 1120 1363 1162 Illud
1380 1121 1546 1163 virtutis
1560 1121 1761 1164 indicium

279 1187 352 1236 est,
384 1186 551 1228 fundere
583 1198 685 1239 quae
715 1188 862 1228 natura
893 1188 1099 1228 contracta
1135 1187 1243 1235 sunt,
1280 1198 1427 1241 augere
1461 1199 1598 1240 parva,
1633 1187 1762 1229 varie-

282 1316 420 1351 ducono
443 1328 465 1351 a
488 1317 602 1352 Roma
619 1329 650 1350 ».
671 1337 709 1342 -
758 1318 797 1351 8.
823 1318 1003 1356 brevitati,
1027 1323 1035 1335 ⁴
1050 1316 1248 1351 concisione
1263 1316 1288 1349 ⁴:
1319 1317 1338 1350 e
1363 1316 1481 1351 dativo
1497 1316 1531 1350 di
1559 1317 1760 1362 pertinenza

277 1362 427 1403 (sottint.
451 1366 527 1403 est).
555 1383 594 1388 —
621 1363 812 1396 translatis
878 1364 1053 1407 propriis,
1079 1362 1155 1396 vedi
1185 1362 1214 1397 1.
1239 1362 1261 1394 6
1286 1373 1318 1395 n.
1344 1373 1362 1394 a
1384 1365 1550 1406 propria.
1576 1381 1615 1386 —
1642 1365 1759 1396 oracio

276 1414 387 1447 recta,
413 1407 514 1442 modo
539 1408 572 1440 ‹li
598 1407 672 1441 dire
697 1407 864 1451 semplice
889 1418 908 1440 e
933 1408 1106 1445 naturale,
1130 1418 1150 1440 a
1175 1406 1230 1440 cui
1256 1406 1284 1439 si
1306 1412 1544 1452 contrappone
1568 1409 1685 1441 oratio
1709 1408 1756 1452 fi-

273 1458 416 1495 yurata
445 1463 464 1486 o
497 1454 614 1486 oratio
637 1453 762 1496 fiyurzi
785 1453 969 1486 declinata
994 1452 1087 1492 (vedi
1117 1453 1143 1486 1.
1168 1451 1227 1483 44:
1257 1457 1397 1485 rectum
1422 1452 1568 1486 dicendi
1587 1462 1707 1496 yenus
1738 1463 1758 1486 e

277 1507 322 1532 n..
348 1508 366 1531 e
391 1502 482 1531 sotto
507 1500 530 1539 ἓ
556 1496 614 1530 12:
639 1497 727 1531 haec
750 1499 875 1539 recta);
900 1498 962 1531 cfr.
991 1498 1052 1535 lx,
1083 1497 1110 1536 1,
1129 1496 1165 1530 3:
1192 1503 1350 1540 utraque
1373 1507 1432 1530 res
1456 1497 1582 1540 (figure
1607 1507 1626 1530 e
1650 1497 1756 1541 tropi)

277 1541 322 1575 de
346 1549 446 1576 recta
471 1548 507 1576 et
528 1543 689 1586 simplici
712 1544 856 1576 ratione
880 1554 963 1576 cum
987 1543 1115 1587 aliqua
1143 1541 1288 1574 dicendi
1315 1544 1449 1575 virtute
1473 1543 1689 1586 deflectitur.
1713 1561 1756 1566 —

275 1587 471 1627 declinata,
506 1587 694 1621 declinare
727 1587 783 1621 nel
814 1598 915 1621 senso
949 1587 983 1620 di
1012 1589 1166 1632 flectere,
1199 1589 1404 1620 immutare.
1438 1607 1476 1611 —
1514 1587 1756 1626 commendat,

274 1632 337 1665 cfr.
365 1631 395 1671 1,
421 1631 496 1665 101:
521 1633 798 1666 commendavit.
825 1653 867 1656 —
896 1634 1162 1666 exercitationi.
1191 1630 1247 1664 nel
1275 1630 1433 1665 tradurre
1458 1631 1682 1676 premetterai
1707 1642 1755 1665 un

274 1687 443 1721 pronome
467 1677 723 1717 dimostrativo,
740 1678 806 1711 che
825 1677 859 1710 in
878 1677 999 1717 latino,
1024 1678 1094 1722 qui,
1120 1677 1139 1710 e
1163 1676 1349 1720 superfluo.
1366 1696 1398 1701 -
1431 1677 1537 1721 quod,
1562 1675 1637 1710 noi:
1661 1676 1755 1717 ‘se¹‚

273 1732 339 1756 con
365 1721 484 1756 valore
501 1721 536 1755 di
550 1734 568 1754 «
581 1721 706 1766 poiche
721 1735 751 1761 »,
778 1735 796 1754 «
811 1722 944 1756 dacche
959 1736 988 1758 ».
1005 1741 1048 1746 —
1072 1724 1208 1765 scripta
1235 1721 1384 1755 lectione
1451 1722 1754 1761 transcurrimus,

272 1768 335 1800 cfr.
355 1766 385 1806 1,
404 1766 460 1800 19:
489 1767 637 1801 lectio
657 1769 890 1801 transcurrit.
912 1788 951 1792 —
969 1778 1109 1807 secura,
1127 1771 1135 1785 ‘
1151 1765 1415 1800 shadatamente
1429 1765 1447 1798 '.
1471 1785 1512 1791 —-
1540 1771 1754 1808 tractamus,

272 1822 304 1844 v.
337 1812 366 1852 1,
392 1811 451 1845 19:
479 1818 687 1846 tractemus.
714 1832 755 1836 —
783 1814 1064 1856 introspicimus.
1164 1823 1182 1844 a
1209 1811 1314 1845 fondo
1328 1810 1347 1844 ².
1372 1831 1416 1835 —
1439 1811 1509 1852 vel,
1534 1810 1752 1856 aggiuntivo.

318 1857 353 1890 9.
381 1868 426 1891 ecc
451 1858 649 1896 industria,
675 1857 737 1891 cfr.
768 1857 795 1897 1,
819 1857 880 1890 20:
905 1869 952 1891 ex
979 1860 1120 1900 inteyro
1158 1867 1190 1890 n.
1222 1875 1265 1881 —
1297 1857 1505 1895 sententias,
1534 1861 1542 1875 ‘
1561 1855 1716 1890 concetti
1733 1855 1752 1888 ⁹.

271 1920 311 1926 —
340 1913 525 1936 versemus
553 1914 665 1946 quam
690 1905 997 1941 numerosissime,
1022 1903 1085 1938 cfr.
1102 1901 1134 1939 3,
1159 1901 1196 1935 5:
1222 1906 1416 1939 versentur
1439 1902 1540 1935 omni
1565 1901 1670 1936 modo
1686 1912 1753 1935 nu·

272 1948 385 1985 meri‚·
410 1952 542 1992 quanto
567 1958 586 1980 a
612 1949 918 1988 numerosissime,
945 1958 1012 1981 non
1039 1947 1057 1981 e
1093 1946 1279 1985 sinonitno,
1304 1956 1403 1980 come
1439 1945 1604 1990 vogliono
1632 1945 1751 1980 alcuni

271 1993 554 2030 commentatori,
578 1992 611 2025 di
637 1994 856 2036 saepissime,
882 1991 979 2026 hensi
1005 1992 1150 2036 designa
1177 1990 1210 2024 la
1235 1991 1491 2035 composizione
1521 1990 1671 2031 ritmica,
1700 2001 1751 2025 ar-

272 2036 410 2070 monica
435 2037 489 2071 del
517 2037 676 2081 periodo:
702 2038 764 2071 cfr.
793 2036 883 2077 vul,
907 2037 939 2076 6,
964 2036 1025 2070 64:
1050 2047 1253 2071 sermonem
1277 2038 1401 2080 facere
1413 2046 1671 2076 numerosum‚·
1688 2035 1750 2076 xl,

272 2081 302 2119 1,
327 2081 387 2115 33;
412 2084 620 2125 compositio
645 2093 856 2118 numerosa.
882 2101 925 2108 —
949 2083 1076 2116 eadem
1102 2093 1196 2121 cera,
1220 2080 1293 2114 Cic.
1318 2081 1363 2115 de
1393 2079 1492 2114 Orat.
1519 2080 1577 2121 lll,
1600 2080 1749 2121 45,177:

270 2137 312 2160 ea
336 2137 434 2162 nos...
460 2129 555 2161 sicut
579 2127 832 2161 mollissimam
861 2138 984 2162 ceram
1009 2128 1058 2161 acl
1083 2133 1249 2161 nostrum
1276 2127 1475 2160 arbitrium
1491 2128 1699 2169 formamus
1715 2131 1751 2160 et

267 2172 454 2215 finqimus.
482 2191 520 2196 —
547 2172 645 2206 aliae
669 2173 847 2217 aliaeque,
872 2172 1026 2217 esempio
1044 2172 1148 2206 unico
1166 2171 1201 2205 in
1220 2171 1441 2212 Quintiliano
1458 2171 1492 2204 di
1511 2170 1581 2205 tale
1597 2170 1748 2209 dizione;

269 2216 404 2250 altrove
428 2216 498 2261 egli
515 2217 558 2250 ha
585 2228 721 2262 sempre
739 2219 836 2251 aliae
852 2224 961 2262 atque
974 2217 1081 2251 aliae.
1105 2237 1136 2241 —
1150 2217 1246 2255 duci,
1263 2216 1327 2250 cfr.
1345 2216 1376 2256 3,
1396 2215 1455 2251 18:
1467 2226 1558 2260 opus
1570 2216 1705 2250 ducere
1728 2226 1748 2250 e

270 2260 310 2303 ll,
335 2261 366 2301 4,
391 2261 427 2294 7:
454 2264 487 2296 si
503 2273 575 2295 non
589 2263 635 2296 ab
654 2264 756 2296 initio
783 2269 926 2296 tenuem
952 2264 1107 2295 nimium
1136 2263 1316 2295 laminam
1341 2261 1574 2294 duxerimus.
1598 2279 1643 2287 —
1686 2260 1747 2295 10.

268 2307 336 2339 illa
352 2307 615 2349 ...diversitate,
640 2317 706 2341 con
725 2306 758 2341 lo
776 2313 886 2341 stesso
904 2308 1020 2341 valore
1035 2307 1068 2340 ‹li
1085 2309 1121 2340 in
1140 2307 1206 2340 illa
1224 2307 1302 2340 ...di
1309 2307 1487 2345 versitate,
1504 2305 1570 2340 che
1582 2304 1638 2340 del
1654 2309 1748 2340 resto

267 2351 383 2385 ‹lanno
407 2351 534 2386 alcune
558 2351 718 2386 edizioni.
744 2351 815 2385 Cfr.
844 2352 921 2392 xil,
948 2352 1000 2391 10,
1027 2352 1089 2385 15:
1117 2353 1247 2385 umbra
1274 2353 1402 2395 maym·
1425 2351 1583 2385 nominis
1615 2350 1744 2385 delite-

266 2402 381 2430 scunt.
398 2398 486 2441 App.
501 2397 578 2431 crit.
589 2417 632 2421 —
646 2407 927 2441 personarum...
941 2399 1140 2441 factorum,
1154 2407 1238 2431 sono
1253 2395 1406 2430 indicate
1418 2405 1484 2430 con
1493 2399 1614 2440 queste
1628 2394 1747 2440 parole

267 2440 300 2475 le
316 2441 486 2476 cosidette
510 2442 725 2477 circostanze
751 2442 957 2483 (adiuncta)
981 2442 1015 2475 di
1042 2453 1201 2486 persona,
1226 2441 1260 2474 di
1275 2442 1346 2475 casi
1371 2439 1547 2485 giuridici,
1566 2439 1601 2474 di
1618 2444 1746 2485 tempo.

265 2485 300 2519 di
327 2486 479 2530 luogo...;
504 2487 533 2520 si
559 2487 639 2521 badi
664 2486 734 2521 alla
760 2486 1084 2532 contrapposizione
1110 2487 1163 2521 dei
1191 2486 1347 2520 termini:
1384 2495 1526 2525 causae,
1554 2495 1746 2529 personae,·

267 2531 357 2569 loca,
385 2538 568 2575 tempora.-
591 2534 701 2576 facta,
725 2532 839 2566 dicta.
867 2532 934 2566 Per
960 2531 991 2565 ln
1019 2533 1143 2576 prima,
1180 2531 1267 2566 dove
1316 2530 1442 2564 ualche
1467 2534 1746 2565 commentatore

266 2577 437 2610 vorrehbe
461 2577 640 2611 sostituire
664 2588 792 2611 rerum
819 2589 837 2610 a
863 2588 1076 2618 causarum,
1102 2589 1131 2609 v.
1160 2575 1216 2615 111.
1231 2576 1262 2614 5.
1283 2576 1296 2609 1
1332 2587 1338 2608 :
1360 2578 1529 2620 personis
1541 2576 1743 2621 causisque.

309 2622 358 2656 11.
386 2623 543 2661 virtutis,
580 2623 656 2656 noi:
696 2628 704 2640 ⁶
729 2622 852 2656 abilita
879 2622 899 2656 ¹.
937 2641 979 2648 —
1013 2622 1175 2666 sundere
1212 2623 1271 2666 (=
1295 2621 1467 2660 dilatare,
1497 2621 1677 2666 copiosius
1711 2625 1748 2655 et
