1887 2901
786 8 793 15 ι
820 0 862 28 ³--10'

597 100 731 130 estu-r
758 101 801 129 11.
833 92 855 138 ξ
885 89 1041 128 16-17
1508 85 1555 125 71

38 176 45 187 ²
89 190 212 233 qnam
242 176 354 219 mala
380 176 497 231 peius
520 176 675 218 dicunt.
706 176 790 218 Nec
818 189 910 218 vero
940 176 1085 217 saltem
1122 174 1188 228 iis,
1218 173 1368 227 quibus
1398 172 1446 214 ad
1479 173 1561 214 evi-

88 243 213 299 tanda
242 243 344 285 vitia
373 241 518 283 iudicii
550 243 649 282 satis
680 242 774 289 suit,
804 241 984 283 sufficiat
1013 240 1235 295 imaginem
1267 239 1432 280 virtutis
1452 238 1560 278 effin-

87 320 181 363 gere
210 309 252 350 et
281 307 422 356 solam,
453 308 501 347 ut
531 307 587 347 sic
617 307 803 355 dixerim,
834 308 969 348 cutem
1001 305 1062 347 vel
1096 305 1231 358 potius
1260 304 1354 344 illas
1395 303 1559 356 Epicuri

89 372 254 428 figuras,
284 384 386 425 quas
414 383 435 412 e
466 371 639 412 summis
683 371 916 425 corporibus
961 370 1063 411 dicit
1097 369 1272 411 effluere.
1305 368 1391 409 Hoc
1423 370 1559 408 autem

89 437 153 478 his
182 435 345 486 accidit,
376 435 446 488 qui
478 447 553 476 non
587 435 843 489 introspectis
863 435 1026 488 penitus
1049 433 1271 474 virtutibus
1301 431 1357 472 ad·
1381 431 1558 484 primum

88 512 131 542 se
159 499 274 542 velut
301 499 535 552 adspectum
568 499 761 540 orationis
790 499 1004 552 aptarunt:
1036 501 1076 539 et
1106 510 1199 539 cum
1240 497 1291 538 iis
1327 494 1560 537 felicissime

88 563 210 606 cessit
238 563 429 612 imitatio,
461 565 592 604 verbis
623 564 745 616 :itque
775 563 955 604 numeris
987 564 1082 603 sunt
1126 574 1200 602 non
1243 560 1421 601 multum
1453 558 1562 599 diffe-

89 629 233 677 rentes,
264 627 346 669 vim
393 627 554 669 dicendi
601 631 722 680 atque
763 627 1008 669 inventionis
1053 639 1127 667 non
1173 625 1462 677 adsequuntur,
1494 623 1562 664 sed

89 693 328 747 plerumque
359 692 565 733 declinant
594 693 636 732 in
669 693 783 745 peius
814 695 854 732 et
885 692 1064 745 proxima
1087 690 1308 732 virtutibus
1331 689 1430 729 vitia
1456 700 1563 729 com-

91 756 345 811 prehendunt
375 756 558 809 fiuntque
589 769 658 810 pro
688 756 912 811 grandibus
945 755 1108 804 tumidi,
1146 755 1289 808 pressis
1319 753 1454 803 exiles,
1485 753 1562 793 for-

90 821 200 863 tibus
242 822 462 870 temerarii,
508 821 628 862 laetis
673 822 866 874 corrupti,
907 820 1138 873 compositis
1187 819 1425 865 exultantes,
1471 817 1563 858 sim-

88 885 265 940 plicibus
295 885 567 940 neglegentes.
601 885 773 938 Ideoque
817 885 886 938 qui
932 884 1090 925 horride
1135 887 1256 936 atque
1302 882 1562 935 incomposite

90 949 293 1004 quidlibet
323 950 428 992 illud
460 950 655 1004 frigidum
687 954 727 991 et
752 950 869 991 inane
900 949 1146 997 extulerunt,
1177 949 1357 1001 antiquis
1388 961 1427 989 se
1449 959 1564 1001 pares

90 1102 256 1126 cer-onem
279 1102 302 1124 α
325 1090 432 1125 Calvo
457 1091 605 1135 quidem
633 1092 728 1125 male
753 1093 980 1124 audivisse...
998 1111 1040 1115 -
1059 1099 1146 1131 tam,
1170 1103 1293 1135 quam,
1312 1101 1426 1124 vanno
1447 1090 1566 1134 rispet-

92 1137 284 1170 tivamente
308 1147 372 1170 con
404 1137 535 1170 melius
563 1147 582 1170 e
599 1140 711 1179 peius.
739 1156 777 1160 —
812 1138 1005 1169 imitantes.
1022 1136 1080 1179 qui
1107 1147 1170 1170 con
1197 1137 1229 1170 lo
1254 1141 1362 1169 stesso
1388 1135 1505 1169 valore
1530 1135 1563 1167 di

93 1183 304 1214 imitatores.
322 1200 366 1207 -
380 1181 491 1218 mala,
508 1182 582 1215 cioe
603 1183 794 1215 imitantes.
811 1201 850 1205 —
877 1182 1013 1221 dicunt,
1032 1183 1057 1213 A
1066 1192 1119 1225 pp.
1134 1181 1210 1214 erit.
1227 1200 1269 1205 -—
1290 1180 1364 1214 Nec
1376 1180 1502 1213 saltem
1522 1196 1564 1208 Ξ

92 1237 137 1260 ne
210 1226 382 1268 quidem3
398 1225 469 1259 cosi
487 1226 519 1264 7,
536 1226 580 1259 20
594 1239 600 1257 ;
615 1237 686 1259 non
703 1227 806 1260 breve
823 1226 948 1259 saltem
970 1232 1119 1268 tempus⁴
1137 1226 1203 1266 Qui
1221 1227 1347 1259 saltem
1368 1226 1385 1258 e
1403 1225 1445 1258 da
1464 1224 1564 1258 unire

91 1271 125 1304 al
144 1271 306 1315 sufficiat
322 1270 387 1304 che
403 1281 520 1313 segue.
539 1290 580 1296 -—
595 1272 803 1314 imayirzem,
817 1270 882 1304 che
899 1272 917 1303 e
935 1271 1219 1314 seinplicemente
1236 1282 1316 1304 cosa
1333 1270 1508 1304 esteriore.
1524 1288 1557 1293 —

94 1323 133 1348 ut
151 1318 203 1349 sic
219 1317 392 1353 dixerim,
407 1315 499 1349 nella
514 1315 651 1348 latinia«
666 1327 771 1349 aurea
787 1321 829 1347 ut
840 1318 890 1347 ita
907 1316 1038 1348 dicam.
1056 1319 1079 1348 A
1090 1327 1142 1359 pp.
1162 1317 1236 1348 vrit.
1253 1336 1292 1340 —
1313 1315 1397 1348 illas
1414 1314 1567 1358 Epicuri

91 1362 249 1405 figuras,
273 1371 373 1394 come
397 1360 619 1405 spiegazione
644 1360 735 1394 della
760 1360 868 1393 teoria
894 1361 1052 1394 εἰδώλων
1078 1364 1206 1395 ἔξωθεν
1230 1362 1462 1402 προσιόντων
1487 1359 1568 1401 (che

94 1405 247 1450 Epicuro
281 1405 401 1439 derivo
437 1405 479 1437 da
519 1405 741 1446 Democrito),
771 1416 790 1438 a
815 1405 871 1438 cui
902 1405 960 1449 qui
994 1406 1021 1437 si
1058 1416 1223 1438 accenna.
1258 1415 1404 1449 possono
1434 1404 1567 1437 servire

95 1451 127 1484 le
152 1449 274 1494 parole
297 1450 332 1483 di
352 1449 517 1484 Lucrezio
542 1451 586 1483 de
611 1450 750 1483 Rerum
775 1458 912 1482 natura
939 1449 996 1483 IV.
1021 1450 1065 1481 4³*
1077 1461 1171 1494 sgg.:
1196 1451 1275 1484 dico
1301 1452 1416 1494 ἱρέων
1441 1460 1567 1482 rerum

92 1496 236 1539 effiyias
262 1496 450 1539 tenuisque
473 1496 614 1538 fiyuras
634 1497 640 1539 Ι
660 1497 798 1528 mittier
822 1496 867 1528 ab
891 1496 1009 1530 rebus.
1033 1506 1175 1528 summo
1193 1495 1238 1528 de
1254 1505 1403 1538 corpore
1429 1505 1567 1533 rerum,

93 1542 99 1585 Ι
120 1550 215 1585 quae
238 1541 345 1584 quasi
368 1541 604 1574 membranae
627 1540 685 1574 vel
719 1547 841 1573 cortex
866 1540 1165 1575 nominitandast,
1193 1541 1198 1582 Ι
1224 1541 1320 1584 quod
1349 1542 1501 1583 speciem
1525 1550 1568 1572 ac

92 1587 252 1628 formam
277 1584 433 1618 similem
454 1587 554 1629 yerit
576 1587 654 1619 eius
678 1587 809 1628 ima-qo,
832 1588 835 1628 ί
857 1588 1117 1629 cuiuscumque
1141 1586 1238 1618 cluet
1255 1586 1300 1618 de
1316 1595 1467 1628 corpore
1481 1586 1568 1627 fusa

96 1631 236 1673 vaqari.
261 1649 302 1654 —
358 1630 415 1664 16.
437 1631 604 1673 primum
641 1631 741 1663 velut
777 1635 974 1673 aspectum,
1009 1629 1041 1663 la
1079 1631 1211 1663 ‘forma
1248 1629 1467 1674 superficiale
1482 1629 1499 1660 ’.
1524 1649 1568 1653 —

94 1677 269 1715 numeris,
312 1674 420 1719 quelli
447 1675 512 1708 che
537 1685 622 1719 poco
648 1676 758 1719 prima
786 1679 821 1717 αξ
852 1676 903 1710 13)
927 1685 1011 1708 sono
1038 1675 1123 1708 detti
1152 1677 1417 1718 compositionis
1446 1674 1568 1718 pedes.

94 1739 138 1744 —
173 1720 250 1753 vim
284 1720 440 1757 dicendi,
478 1720 553 1753 cioe
590 1720 646 1754 ‘lo
671 1719 751 1754 stile
765 1719 783 1752 ⁸.
822 1739 863 1745 —
898 1721 971 1752 vim
1010 1721 1227 1753 inventionis
1255 1736 1297 1748 z
1327 1721 1568 1753 inventionem.

94 1763 290 1798 senz‘altro.
316 1784 357 1788 —
380 1767 553 1808 proxima
633 1765 955 1808 comprehendunt.
981 1765 999 1797 e
1018 1765 1050 1798 lo
1073 1770 1182 1797 stesso
1207 1769 1366 1798 concerto
1389 1764 1502 1797 svolto
1525 1765 1569 1796 da

94 1809 220 1843 Orazio
251 1810 294 1842 A.
322 1808 366 1842 Ρ.
394 1808 439 1842 25
473 1820 554 1853 sgg.
639 1810 844 1853 decipimur
881 1811 997 1852 specie
1033 1812 1145 1843 recti:
1182 1811 1298 1843 brevis
1373 1809 1568 1853 procellae.

100 1871 138 1879 —-
170 1864 241 1898 pro
263 1854 469 1898 qrandibus
495 1855 638 1893 tumidi,
677 1855 741 1887 cfr.
773 1853 850 1891 ΧΗ,
880 1854 929 1886 10.
955 1853 1019 1888 80:
1043 1855 1216 1897 mamilia,
1251 1866 1321 1887 non
1348 1855 1500 1887 tumida.
1526 1872 1570 1879 —

91 1901 240 1943 pressis,
266 1910 297 1931 v.
324 1898 353 1937 1,
379 1899 422 1931 44
447 1909 481 1932 u.
508 1899 543 1932 Si
569 1899 699 1932 osservi
725 1899 790 1932 che
819 1900 847 1931 la
876 1899 1113 1943 preposizione
1137 1901 1234 1943 (proi
1259 1910 1325 1932 non
1352 1899 1370 1932 e
1397 1899 1568 1943 ripetuta:

97 1954 160 1978 uso
185 1955 253 1978 non
280 1954 358 1977 raro
397 1943 431 1976 in
455 1943 674 1984 Quintiliano
710 1943 801 1978 nelle
838 1944 1115 1977 enumerazioni:
1153 1956 1182 1977 v.
1208 1944 1241 1982 7,
1275 1944 1330 1977 26.
1367 1963 1407 1968 ——
1444 1943 1569 1979 exiles,

98 1988 277 2022 maneanti
309 1988 343 2021 di
376 1988 459 2032 ogni
495 1994 703 2022 ornamento
741 1989 899 2023 retorico.
926 2008 966 2013 -
997 1991 1155 2033 fortibus
1193 1990 1390 2027 temerarii,
1424 1989 1487 2022 cfr.
1515 1987 1571 2026 lll,

95 2034 128 2072 7,
151 2033 221 2070 25:
248 2043 317 2076 pro
356 2036 549 2067 temerario
585 2036 764 2078 fortem
791 2045 967 2072 vocemus,
1004 2045 1023 2068 e
1048 2034 1087 2072 ll.
1116 2034 1166 2068 12.
1191 2035 1232 2066 4:
1261 2036 1480 2068 temerarius
1499 2044 1570 2078 pro

96 2080 196 2121 forti.
236 2078 354 2111 Fortis
390 2078 561 2112 richiama
598 2090 617 2111 a
656 2080 727 2114 vis.
764 2082 984 2112 temerarius
1020 2079 1088 2112 alla
1122 2085 1303 2123 osagerata
1334 2079 1571 2112 ostentazione

97 2123 130 2155 di
156 2133 245 2161 essa,
270 2122 336 2156 che
361 2123 388 2156 si
414 2123 614 2161 manifesta,
640 2122 694 2157 fra
719 2123 843 2157 l'altro.
869 2134 933 2156 con
960 2135 1004 2157 un
1032 2124 1236 2168 linguaggio
1269 2124 1486 2163 metaforico‚
1515 2123 1570 2156 noi

96 2169 279 2207 diremmo,
301 2167 344 2200 da
368 2168 559 2201 secentisti.
584 2187 627 2194 —
653 2168 766 2205 laetis,
795 2181 825 2201 v.
862 2169 889 2202 1.
914 2169 958 2201 46
984 2180 1016 2202 n.
1041 2188 1083 2194 -
1115 2171 1290 2212 corrupti,
1325 2175 1522 2212 corruptus
1552 2168 1570 2201 ἐ

97 2212 263 2247 l‘eeeesso
287 2211 322 2246 di
349 2212 476 2252 laetus,
501 2213 590 2246 altro
615 2224 754 2247 eceesso
779 2213 797 2246 e
823 2213 1063 2253 lvo-uriosus5
1090 2215 1153 2247 cfr.
1191 2213 1269 2248 ΧΠ.
1296 2213 1347 2247 10.
1372 2213 1437 2245 80:
1475 2214 1569 2246 laeta

98 2269 172 2292 non
197 2257 404 2291 luxuriosa.
431 2276 474 2283 —
497 2260 713 2302 compositis,
739 2259 814 2292 vedi
844 2259 872 2295 1,
889 2259 931 2290 44
958 2269 990 2291 n.
1016 2278 1058 2283 —
1090 2259 1309 2293 exultantes.
1345 2259 1375 2291 :si
1413 2258 1570 2292 riferisee

97 2313 196 2337 come
222 2303 255 2336 le
279 2302 397 2346 parole
422 2302 632 2347 precedenti.
658 2314 677 2337 e
701 2303 734 2337 le
759 2304 847 2337 alu-o
872 2303 938 2337 che
966 2314 1132 2347 seguono.
1164 2304 1233 2337 allo
1260 2304 1350 2342 stile,
1376 2303 1399 2336 il
1425 2304 1528 2347 quale
1553 2303 1572 2336 e

98 2347 195 2382 detto
218 2348 391 2382 exultans
409 2347 548 2391 quando
565 2359 690 2381 manea
707 2348 797 2382 delle
815 2349 884 2381 «loti
905 2351 1041 2393 proprie
1059 2348 1150 2382 della
1168 2351 1394 2392 compositio,-
1411 2348 1474 2382 cfr.
1491 2348 1523 2384 4.
1543 2349 1570 2381 1.

98 2412 141 2417 -—
163 2392 402 2437 neglegentes,
427 2392 576 2426 secondo
600 2392 769 2427 Cicerone
786 2394 805 2427 e
832 2394 1000 2437 1‘oppo<t0
1024 2394 1057 2426 di
1079 2396 1202 2427 ornati
1225 2398 1271 2428 (v.
1297 2394 1338 2426 de
1367 2393 1444 2426 Ιηυ.
1469 2393 1493 2428 1.
1517 2393 1572 2430 21,

97 2437 168 2476 30).
192 2457 235 2462 -
282 2437 337 2472 17.
364 2438 514 2470 horride
537 2444 646 2482 atque
669 2439 912 2482 incomposzte.
939 2439 1018 2472 Tac.
1046 2439 1143 2472 Dial.
1171 2439 1232 2471 18:
1267 2445 1400 2472 sunt...
1427 2438 1574 2472 horridi

98 2487 132 2516 ee
156 2481 311 2526 impoliti
334 2488 369 2516 et
386 2483 495 2515 rudes
512 2489 545 2516 et
569 2484 763 2525 informes,-
779 2483 941 2517 horride.
972 2489 981 2502 ‘
998 2489 1212 2517 rozzamente
1228 2483 1246 2518 ¹.
1264 2490 1271 2501 ⁸
1284 2494 1386 2516 senza
1414 2483 1532 2527 grazia
1544 2484 1571 2523 ';

99 2528 340 2569 incomposite,
364 2536 371 2544 ⁸
386 2539 488 2561 senaa
513 2526 666 2562 ordine-2
692 2547 735 2552 -
759 2529 937 2573 quidlibet
965 2527 1062 2561 illud
1092 2529 1291 2572 frvyidum,
1316 2533 1369 2561 sta
1400 2539 1459 2572 per
1477 2528 1574 2560 »llud

98 2571 277 2618 quissibet
294 2574 482 2618 firiqidum
507 2573 563 2607 nel
599 2583 701 2607 senso
725 2572 783 2606 di:
818 2585 891 2619 qua
904 2577 998 2608 meis
1027 2574 1124 2608 illud
1159 2575 1255 2619 quod
1289 2575 1504 2608 extulerunt
1527 2576 1575 2607 sit

1590 371 1629 404 16

1589 883 1630 916 17
