1887 2901
36 0 270 43 ffifflnsff
295 0 323 30 ⁰?

38 29 46 38 D
92 29 99 37 Ι
108 36 111 37 r
149 27 170 40 ’,Ι
187 27 190 29 ”

647 75 778 104 aarum·
805 77 846 103 v.
877 65 899 112 ἓ
929 63 1084 103 15-16
1546 65 1599 104 97

125 154 170 197 in
198 152 583 199 scholis-,rhetorum
605 150 811 201 dicuntur,
831 151 864 192 si
886 150 1003 192 modo
1025 151 1121 192 sunt
1141 151 1190 192 ad
1213 151 1423 193 veritatem
1447 164 1599 194 accom-

128 219 313 263 modatae
341 220 382 259 et
410 216 660 259 orationibus
689 215 857 266 similes,
878 227 955 258 non
975 217 1139 257 tantum
1161 216 1259 257 dum
1289 215 1490 258 adulescit
1509 230 1597 270 pro-

127 285 261 327 fectus
284 283 396 324 sunt.
411 281 670 332 utilissimae,
701 280 799 335 quia
827 279 1101 322 inventionem
1123 283 1164 322 et
1198 280 1500 334 dispositionem
1533 294 1597 334 pa-

129 349 227 392 riter
254 347 450 395 exercent,
480 345 548 387 sed
579 347 703 387 etiam
734 357 825 386 cum
857 346 918 386 est
947 347 1250 386 consummatus
1271 357 1317 386 ac
1336 345 1419 386 iam
1440 346 1483 386 in
1513 345 1596 387 foro

127 413 282 460 clarus;
302 411 429 452 alitur
449 411 558 452 enim
580 415 702 464 atque
721 409 909 452 enitescit
924 409 1037 451 velut
1052 409 1201 463 pabulo
1218 409 1384 452 laetiore
1405 409 1595 450 facundia

82 520 90 523 ,
124 478 168 520 et
181 475 352 518 adsidua
367 475 668 517 contentionum
684 474 900 528 asperitate
917 474 1089 528 fatigata
1104 475 1330 515 renovatur.
1344 472 1595 528 Quapropter

123 540 317 583 historiae
347 551 650 593 nonnumquam
682 539 844 580 ubertas
872 538 912 579 in
953 538 1093 591 aliqua
1126 538 1333 580 exercendi
1363 538 1448 579 stili
1480 540 1593 592 parte

124 604 306 659 ponenda
321 605 362 646 et
377 603 630 658 dialogorum
647 603 837 644 libertate
857 602 1126 658 gestiendum.
1149 601 1207 643 Ne
1229 603 1408 644 carmine
1428 602 1593 655 quidem

124 668 264 711 ludere
283 668 531 710 contrarium
553 667 688 717 fuerit,
704 667 810 708 sicut
830 667 1022 715 athletae,
1038 667 1206 708 remissa
1227 666 1470 720 quibusdam
1491 668 1593 709 tem-

123 733 288 788 poribus
317 733 500 774 ciborum
531 734 652 785 atque
683 731 1019 774 exercitationum
1042 734 1151 773 certa
1172 731 1421 781 necessitate,
1442 731 1524 772 otio
1553 734 1592 773 et

123 797 430 840 iucundioribus
460 797 591 850 epulis
622 796 870 838 reficiuntur.
903 795 1075 849 Ideoque
1106 796 1207 837 mihi
1239 795 1399 837 videtur
1420 795 1473 836 M.
1498 796 1591 836 Tul-

123 863 205 904 lius
234 863 395 903 tantum
426 861 614 902 intulisse
644 861 897 914 eloquentiae
927 861 1078 910 lumen,
1115 860 1220 914 quod
1256 861 1297 901 in
1334 861 1403 902 hos
1434 872 1592 913 quoque

123 926 351 968 studiorum
382 938 560 968 secessus
590 925 778 967 excurrit.
810 925 914 966 Nam
947 926 978 966 si
1012 925 1125 967 nobis
1155 926 1238 966 sola
1268 925 1438 966 materia
1469 924 1594 966 fuerit

123 1004 170 1032 ex
199 990 356 1039 litibus,
388 1002 545 1031 necesse
577 992 637 1031 est
668 989 873 1031 deteratur
895 990 1028 1045 fulgor
1049 993 1089 1031 et
1110 989 1295 1031 durescat
1325 989 1524 1030 articulus
1552 991 1593 1030 et

123 1055 209 1109 ipse
238 1054 310 1097 ille
340 1066 478 1096 mucro
508 1054 661 1110 ingenii
693 1054 896 1095 cotidiana
927 1067 1063 1109 pugna
1094 1054 1346 1096 retundatur.

123 1209 179 1243 14.
193 1207 485 1246 declamationes,
498 1207 560 1240 cfr.
574 1207 605 1245 2,
625 1208 678 1245 12;
705 1207 744 1242 11,
758 1207 789 1244 4,
803 1207 842 1240 41
861 1218 946 1242 sono
959 1208 1052 1242 dette
1074 1210 1178 1252 fictae
1195 1209 1243 1241 ad
1261 1210 1499 1242 imitationem
1517 1210 1594 1252 fori

123 1252 432 1297 consiliorumque
444 1254 638 1292 materiae3
653 1253 684 1285 la
701 1252 818 1296 parola
832 1252 1049 1286 declamatio
1062 1264 1126 1287 con
1140 1258 1271 1287 cotesto
1281 1264 1383 1288 senso
1399 1253 1480 1287 data
1497 1253 1591 1287 dalla

124 1299 193 1332 fine
205 1297 261 1331 del
279 1307 387 1341 regno
405 1296 440 1330 di
457 1299 628 1340 Augusto,
646 1308 700 1329 ma
721 1297 750 1330 la
769 1308 848 1329 cosa
866 1308 924 1330 era
943 1298 1000 1341 gia
1019 1302 1100 1331 nota
1117 1309 1137 1331 a
1154 1298 1334 1338 Cicerone,
1352 1309 1449 1332 come
1466 1298 1591 1332 risulta

122 1342 362 1376 dall'accenno
385 1342 450 1375 che
475 1342 545 1385 egli
570 1352 613 1375 ne
638 1342 672 1374 fa
697 1342 741 1375 de
771 1342 869 1375 Orat.
896 1341 919 1380 l,
944 1344 997 1377 33,
1024 1342 1150 1376 149.-
1167 1343 1216 1375 ad
1238 1345 1428 1376 veritatem
1452 1354 1591 1376 accom-

122 1387 301 1426 modatae,
324 1386 395 1420 cosi
421 1387 676 1431 precisamente
691 1386 721 1419 si
745 1386 896 1431 esprime
919 1386 1097 1425 Cicerone,
1124 1388 1144 1420 1.
1169 1399 1199 1421 c.
1215 1388 1290 1422 Non
1315 1399 1452 1432 sempre
1483 1399 1591 1422 erano

124 1431 186 1466 tali
211 1432 243 1466 le
266 1431 528 1470 declamazioni,
552 1432 629 1464 anzi
653 1430 803 1475 qualche
827 1431 921 1465 volta
946 1431 1066 1466 affatto
1091 1433 1267 1466 aborrenti
1292 1432 1385 1466 dalla
1403 1433 1530 1471 veritin
1555 1433 1590 1466 di

123 1477 190 1511 che
213 1487 247 1510 v.
272 1476 355 1510 Tac.
379 1476 478 1509 Dial.
502 1476 546 1509 35
569 1487 588 1509 e
604 1476 822 1517 Quintiliano
838 1481 948 1510 stesso
966 1476 1007 1515 ll,
1023 1477 1076 1515 20,
1102 1478 1121 1510 4
1146 1479 1179 1521 (e
1199 1479 1244 1512 ib.
1262 1477 1400 1512 l‘intero
1417 1489 1504 1523 capo
1523 1479 1589 1520 10).

124 1523 374 1566 -profectus,
402 1521 573 1555 l'astratto
598 1532 658 1565 per
683 1521 708 1554 il
731 1526 911 1561 concreto;
926 1522 989 1555 cfr.
1006 1522 1037 1561 3,
1050 1523 1085 1554 7:
1099 1523 1315 1566 facilitatem
1328 1534 1347 1557 e
1361 1535 1394 1558 n.
1409 1526 1497 1569 App.
1512 1525 1589 1558 crit.

123 1587 167 1592 -
178 1569 278 1612 quia,
291 1568 380 1611 App.
395 1566 471 1600 crit.
490 1586 528 1590 —
543 1568 701 1611 pariter,
717 1566 888 1600 s'intende
905 1567 1017 1600 simul
1033 1578 1116 1600 cum
1133 1568 1342 1606 elocutione,
1358 1568 1391 1602 la
1410 1569 1512 1614 quale
1530 1580 1589 1603 era

124 1611 292 1656 l'oggetto
305 1622 387 1645 vero
400 1622 420 1646 ο
433 1611 570 1645 almeno
596 1611 793 1645 l'elemento
810 1611 869 1655 piu
887 1612 1097 1655 importante
1110 1612 1204 1657 degli
1221 1613 1364 1647 eset-oizi
1378 1614 1411 1647 di
1430 1614 1588 1648 retorica.

124 1677 164 1682 ——
178 1663 451 1691 consummatus
512 1656 649 1691 clarus.
673 1655 877 1690 sottintendi
894 1656 1107 1690 adulescens
1130 1664 1164 1693 (ὀ
1179 1659 1333 1701 iuvenis)
1350 1659 1392 1692 da
1409 1659 1589 1693 desumere

123 1700 180 1734 dal
194 1701 401 1745 precedente
414 1701 591 1735 adulescit
599 1703 786 1744 profectus
799 1717 843 1730 =
854 1702 1068 1735 adulescens
1077 1703 1230 1745 proficit.
1245 1703 1383 1743 Quanto
1395 1715 1415 1737 a
1428 1715 1590 1738 consum-

123 1752 246 1779 matus
270 1757 301 1778 v.
321 1745 351 1788 1,
374 1746 418 1779 89
443 1757 475 1778 n.
492 1764 535 1771 —
552 1747 722 1785 enitescit,
740 1745 881 1779 diventa
899 1747 956 1790 piu
976 1747 1096 1780 florida
1113 1760 1131 1780 e
1146 1747 1317 1791 vigorosa,
1331 1759 1426 1783 come
1443 1749 1468 1782 il
1485 1759 1590 1794 corpo

124 1790 159 1823 di
177 1801 223 1824 un
251 1789 404 1823 animale
429 1791 494 1824 ben
520 1791 661 1824 nutrito.
694 1808 736 1815 —
765 1790 865 1824 velut
883 1791 1020 1834 pabulo
1046 1791 1205 1830 laetiore,
1233 1793 1296 1826 cfr.
1315 1793 1405 1832 Vlll,
1427 1805 1588 1838 prooem.

123 1834 187 1869 23:
216 1835 312 1869 velut
336 1835 428 1869 laeto
448 1837 620 1879 gramine
653 1840 755 1873 sata‚·
779 1837 846 1879 pub
881 1847 994 1869 essere
1019 1847 1089 1870 una
1125 1837 1374 1872 reminiscenza
1402 1839 1589 1883 virgiliana

123 1879 272 1924 (Geor-9.
298 1879 353 1919 111,
379 1879 459 1913 385:
482 1881 572 1924 fuye
584 1879 724 1923 pabula
742 1879 860 1917 laeta),
878 1881 1028 1915 sebbene
1045 1882 1102 1925 gia
1116 1881 1151 1914 in
1173 1882 1270 1915 Livio
1289 1882 1313 1921 1,
1330 1883 1362 1917 7,
1389 1884 1405 1916 4
1423 1884 1452 1917 si
1469 1886 1588 1928 legga:

126 1931 197 1958 ut...
218 1925 358 1969 pabulo
383 1925 475 1958 laeto
500 1926 662 1968 reficeret
687 1925 799 1964 boves,
813 1925 900 1959 dove
918 1926 1067 1959 tuttavia
1086 1938 1154 1960 non
1170 1927 1220 1961 c'e
1238 1929 1418 1962 metafora.
1443 1948 1487 1955 —
1533 1933 1588 1966 15.

125 1970 331 2004 historiae...
356 1971 512 2008 ubertas,
537 1970 599 2003 cfr.
627 1970 657 2009 1,
681 1969 734 2003 31.
760 1989 802 1995 —
827 1972 866 2002 in
889 1971 1050 2015 aliqua...
1083 1977 1199 2015 parte,
1235 1972 1311 2006 cioe
1345 1974 1397 2007 fra
1436 1974 1446 2007 i
1484 1979 1589 2011 mezzi

124 2014 156 2047 d·
174 2014 370 2049 esercitarsi
411 2026 430 2048 a
471 2015 632 2048 scrivere.
658 2035 701 2038 —
728 2016 970 2058 qestiendum,
1000 2027 1018 2047 a
1036 2017 1208 2051 mnoversi
1233 2017 1461 2053 liberamente
1478 2033 1518 2059 »ς
1556 2021 1589 2055 13

124 2059 206 2104 qual
247 2070 328 2094 cosa
370 2060 388 2093 ἐ
430 2059 625 2093 consentita
667 2064 822 2104 appunto
857 2060 949 2094 dalla
987 2061 1098 2095 forma
1133 2061 1306 2106 dialogica
1324 2090 1333 2105 ‚
1374 2075 1435 2108 per
1471 2065 1504 2098 la
1526 2077 1589 2100 sua

124 2103 257 2149 grande
280 2104 413 2138 affinita
439 2104 492 2138 col
520 2104 665 2148 linguag
693 2105 725 2138 io
749 2115 769 2138 o
795 2105 924 2150 meglio
948 2116 1013 2139 con
1039 2106 1072 2139 la
1104 2107 1370 2142 conversazione
1404 2109 1588 2145 familiare.

125 2168 167 2175 -
190 2151 387 2184 carmine...
413 2149 551 2188 ludere,
576 2150 640 2182 cfr.
664 2115 761 2182 ἕνα.
794 2150 911 2183 Far-m.
938 2149 960 2188 1,
978 2151 1033 2190 32,
1056 2151 1174 2196 1sgg.z
1248 2155 1280 2186 si
1295 2154 1416 2197 quid...
1436 2155 1590 2190 lusimus

175 2195 504 2232 tecummbarbitffi
531 2194 642 2237 Epist.
669 2193 708 2237 ll,
736 2194 763 2228 1.
791 2195 872 2228 18οε
899 2206 956 2228 res
982 2195 1138 2232 ludrica.
1158 2196 1190 2229 la
1217 2199 1334 2241 poesia
1348 2198 1590 2242 drammatica,

124 2249 181 2272 ma
206 2241 273 2282 pub
297 2240 480 2283 designare
505 2239 703 2292 qualunque
716 2240 831 2282 specie
848 2240 880 2272 di
900 2241 1029 2284 poesia.
1047 2262 1089 2265 —
1113 2244 1341 2276 contrarium
1355 2259 1398 2273 =
1414 2244 1607 2290 alienum,>

124 2283 183 2317 nel
206 2295 307 2318 senso
331 2285 364 2317 di
393 2290 402 2302 ⁶
426 2284 580 2318 dannoso
626 2295 634 2321 ;
669 2285 740 2318 cosi
766 2284 887 2318 Tacito
910 2286 1022 2325 (Dial.
1058 2286 1115 2329 35)
1150 2287 1289 2321 chiama
1315 2291 1590 2325 exercitationes

123 2340 260 2371 maqna
285 2341 330 2363 ex
351 2335 459 2372 parte
481 2330 687 2363 contrariae
710 2329 826 2373 quelle
850 2330 937 2363 fatte
962 2342 981 2363 a
1005 2341 1109 2375 scopo
1133 2331 1167 2364 di
1204 2332 1462 2369 declamazione
1497 2336 1590 2370 nelle

123 2373 242 2408 scuole
265 2375 300 2407 di
337 2374 494 2408 retorica.
519 2392 562 2399 —-
584 2377 679 2407 sicut
712 2374 880 2414 athletae,
905 2386 935 2407 v.
962 2375 991 2413 1,
1016 2376 1035 2407 4
1061 2387 1080 2409 e
1104 2387 1137 2409 n.
1162 2397 1202 2400 —
1229 2378 1424 2411 ciborum...
1461 2381 1589 2424 epulis,

123 2419 235 2463 figura
260 2419 294 2452 di
319 2419 486 2453 chiasmo.
511 2437 554 2444 -
577 2420 794 2457 necessitate,
811 2424 820 2438 ‘
835 2420 967 2464 regime
981 2420 1000 2452 '.
1025 2439 1068 2446 —
1126 2422 1407 2457 16.st1‹d1'orum
1422 2435 1589 2465 secessus,

124 2464 258 2499 lontani
283 2463 376 2498 dalla
401 2464 565 2497 diuturna
590 2474 748 2508 asprezza
773 2464 828 2498 dei
846 2465 1082 2498 dibattimenti
1099 2468 1134 2507 (g
1156 2467 1224 2507 14):
1249 2467 1320 2501 cosi
1338 2468 1459 2503 Tacito
1475 2471 1588 2512 (Dial.

126 2508 182 2552 13)
205 2513 438 2553 contrappone
464 2508 488 2541 il
513 2519 682 2542 securum
707 2515 741 2542 et
763 2510 925 2553 quietum
960 2510 1110 2554 Vergilii
1132 2522 1308 2545 secessum
1332 2513 1402 2547 alla
1426 2515 1587 2559 inquieta

123 2560 159 2589 ee
181 2556 297 2588 anxia
322 2560 513 2588 oratorum
540 2557 623 2587 vita.
648 2571 691 2579 —-
713 2555 853 2598 fulyor,
883 2554 1164 2600 dell'eloquenza.
1190 2576 1232 2581 —
1267 2558 1468 2593 durescat...
1504 2562 1587 2593 arei-

195 2633 288 2664 Βιωι,
312 2633 428 2666 Quintil.
452 2633 543 2658 lnstnt.
563 2633 682 2662 orator„
703 2632 734 2658 L.
754 2632 787 2658 X.
808 2633 837 2658 2·
853 2633 924 2659 ediz.
1505 2637 1520 2664 '¹1

1622 476 1662 510 15

1618 798 1659 832 15
