1887 2901
257 100 332 142 102
793 113 925 141 capm-
955 115 1010 141 v1.
1043 104 1063 150 ξ
1091 102 1194 140 3-4

253 187 416 240 copulat
445 187 653 240 totamque
684 187 742 228 ita
773 187 949 228 contexit
988 187 1223 237 orationem,
1264 187 1311 228 ut
1350 186 1387 229 ei
1428 186 1533 228 nibil
1570 185 1732 240 praeter

253 264 419 293 manum
447 252 572 300 desit;
605 265 697 292 nam
729 251 947 292 memoriae
979 263 1137 304 quoque
1158 251 1399 305 plerumque
1423 251 1607 294 inhaeret
1636 251 1730 293 fide-

251 315 334 357 lius
363 316 469 370 quod
500 317 615 357 nulla
645 315 847 358 scribendi
879 315 1098 357 securitate
1127 315 1299 357 laxatur.

308 379 385 423 Sed
415 394 464 422 ne
495 381 544 422 ad
575 382 678 422 hanc
709 380 874 434 quidem
902 380 985 421 vim
1020 380 1226 435 cogitandi
1264 380 1462 434 perveniri
1494 379 1628 432 potest
1657 380 1730 421 aut

206 455 228 489 3
252 445 386 487 subito
415 447 487 486 aut
517 446 609 487 cito.
642 445 746 486 Nam
777 445 957 499 primum
989 444 1173 486 facienda
1205 445 1333 486 multo
1369 445 1464 486 stilo
1495 445 1624 486 forma
1653 446 1729 495 est,

253 522 354 563 quae
386 523 454 551 nos
484 510 607 551 etiam
632 510 855 564 cogitantes
875 512 1090 563 sequatur:
1114 511 1202 550 tum
1225 509 1497 551 adsumendus
1516 521 1615 550 usus
1633 521 1729 562 pau-

251 574 383 624 latim,
415 576 461 615 ut
491 587 619 627 pauca
650 575 830 628 primum
861 574 1179 627 complectamur
1204 574 1352 622 animo,
1374 586 1477 627 quae
1500 573 1614 614 reddi
1635 572 1730 614 fide·

251 638 346 680 liter
376 639 550 692 possint:
582 651 672 680 mox
702 652 773 692 per
803 639 1052 680 incrementa
1091 639 1176 679 tam
1208 638 1379 688 modica,
1415 639 1462 679 ut
1496 637 1653 679 onerari
1688 650 1729 679 se

252 703 365 744 labor
395 703 466 744 ille
498 716 573 745 non
605 703 767 753 sentiat,
799 703 984 758 augenda
1004 703 1064 744 vis
1095 705 1136 744 et
1165 703 1449 744 exercitatione
1480 702 1613 743 multa
1643 713 1731 743 con-

252 768 417 809 tinenda
447 769 520 818 est,
552 781 654 821 quae
686 768 852 820 quidem
884 768 1061 809 maxima
1096 781 1141 809 ex
1178 769 1290 821 parte
1326 767 1522 809 memoria
1551 768 1728 808 constat:

252 832 420 885 ideoque
451 832 591 885 aliqua
621 833 723 873 mihi
755 833 794 873 in
819 832 940 874 illum
962 833 1096 874 locum
1120 832 1339 873 differenda
1361 833 1466 874 sunt.
1488 831 1545 873 Eo
1565 831 1727 874 tandem

253 898 447 951 pervenit,
478 898 526 938 ut
547 897 594 947 is,
621 897 686 938 cui
711 910 786 938 non
813 897 1038 952 refragetur
1058 897 1283 951 ingenium,
1306 897 1387 938 acri
1411 896 1544 938 studio
1566 895 1731 937 adiutus

253 964 413 1003 tantum
444 963 727 1015 consequatur,
759 963 806 1003 ut
835 962 871 1004 ei
892 963 978 1003 tam
1000 974 1102 1015 quae
1137 962 1328 1015 cogitarit
1348 974 1468 1015 quam
1494 973 1596 1014 quae
1633 961 1731 1002 scri-

252 1027 378 1081 pserit
415 1028 537 1080 atque
577 1026 792 1069 edidicerit
826 1026 868 1067 in
899 1026 1066 1068 dicendo
1102 1026 1223 1068 fidem
1255 1027 1424 1067 servent.
1457 1025 1595 1067 Cicero
1623 1026 1731 1067 certe

254 1090 498 1133 Graecorum
520 1091 795 1133 Metrodorum
816 1090 1026 1145 Scepsium
1049 1092 1090 1133 et
1110 1091 1328 1145 Empylum
1354 1090 1558 1132 Rhodium
1581 1091 1732 1131 nostro·

253 1169 425 1210 rumque
455 1156 721 1198 Hortensium
753 1156 926 1198 tradidit
963 1169 1065 1211 quae
1099 1157 1377 1213 cogitaverant
1411 1155 1460 1197 ad
1491 1156 1657 1198 verbum
1688 1155 1731 1197 in

253 1223 406 1276 agendo
437 1221 656 1264 rettulisse.

253 1378 353 1410 intra
366 1388 403 1411 se
416 1379 575 1421 ipsa,‘in
600 1377 656 1411 se*
674 1377 870 1412 senz'altro.
888 1396 930 1403 —
950 1383 1102 1421 praeter
1127 1388 1291 1411 manum.
1318 1376 1393 1411 cioe
1415 1382 1566 1420 praeter
1589 1375 1730 1413 stilum.

254 1422 484 1466 l'operazione
509 1422 691 1457 materiale
716 1423 808 1456 ‹leilo
833 1422 1006 1462 scrivere;
1031 1424 1093 1456 cfr.
1121 1423 1150 1461 1,
1187 1423 1240 1455 97.
1267 1442 1309 1448 --
1333 1423 1441 1467 quod,
1467 1424 1557 1466 App.
1583 1423 1662 1455 crit.
1688 1441 1731 1447 -—

253 1467 360 1501 nulla
377 1468 560 1502 scribendi
576 1471 783 1508 securitate,
797 1468 850 1501 cio
869 1468 990 1512 spiega
1004 1469 1088 1510 (fino
1106 1479 1125 1500 a
1144 1479 1190 1501 un
1207 1472 1302 1501 certo
1319 1469 1442 1512 punto)
1459 1478 1558 1501 come
1576 1467 1730 1506 Socrate,

254 1523 372 1557 presso
398 1513 543 1547 Platone
569 1513 731 1547 Phaedr.
757 1513 822 1545 274
848 1512 874 1545 C
910 1524 987 1557 sgg.
1012 1513 1277 1557 (specialmente
1301 1512 1369 1546 275
1392 1513 1448 1555 A),
1475 1512 1608 1557 deplori
1647 1511 1729 1545 l’in-

255 1558 422 1592 venzione
446 1558 539 1591 della
563 1559 738 1592 scrittura.
763 1558 834 1591 Cfr.
860 1558 1005 1598 Quintil.
1022 1558 1130 1598 Rhe,
1156 1558 1187 1592 9.
1214 1578 1256 1581 —
1280 1568 1326 1591 ne
1349 1558 1398 1591 ad
1415 1558 1510 1591 hane
1535 1557 1731 1602 quidem...,

254 1614 286 1637 v.
301 1614 361 1647 per
385 1604 439 1637 οἰὸ
464 1603 530 1637 che
555 1603 720 1647 riguarda
745 1603 769 1636 il
796 1605 954 1647 pensiero
979 1603 1039 1647 qui
1057 1613 1214 1647 espresso
1237 1601 1270 1643 3,
1294 1602 1325 1635 9.

299 1649 335 1682 3.
360 1649 531 1693 facienda
543 1651 678 1692 forma,
702 1649 764 1682 cfr.
779 1650 810 1688 3,
824 1648 1080 1693 282faciendus
1095 1659 1182 1681 usus
1193 1658 1211 1681 e
1226 1658 1271 1686 n.;
1282 1649 1416 1691 forma,
1432 1646 1487 1681 nel
1502 1657 1605 1681 senso
1617 1646 1684 1681 che
1698 1646 1730 1680 la

256 1693 374 1737 parola
402 1693 444 1726 ha
483 1694 596 1728 anche
635 1705 697 1738 per
732 1694 789 1727 noi
823 1693 858 1726 in
884 1693 1209 1738 contrapposizione
1242 1692 1276 1726 al
1308 1697 1508 1727 contenuto.
1547 1712 1589 1717 —-
1613 1692 1728 1726 adsu-

256 1739 410 1772 mendus
434 1750 533 1777 usus,
558 1739 600 1772 da
625 1739 785 1772 tradurre
822 1749 887 1772 con
925 1750 992 1772 una
1025 1738 1146 1783 parola
1177 1737 1261 1772 sola.
1287 1758 1331 1762 —
1359 1738 1530 1782 fideliter,
1554 1748 1573 1770 e
1609 1737 1731 1781 quindi

255 1783 544 1818 ‘esattamente'.
569 1803 613 1809 —
638 1791 679 1817 ut
708 1786 858 1818 onerari
893 1795 966 1818 non
1002 1785 1158 1823 sentiat,
1183 1783 1259 1817 cioe
1290 1793 1387 1817 come
1418 1783 1437 1817 ὲ
1469 1783 1565 1816 detto
1597 1782 1660 1823 XI,
1699 1782 1730 1821 2,

254 1829 313 1862 41:
391 1831 543 1863 accessio
571 1829 688 1863 labori
711 1840 856 1862 sensum
884 1831 1102 1863 incrementi
1124 1839 1197 1862 non
1222 1828 1379 1872 adferat.
1406 1848 1447 1852 —
1471 1827 1633 1873 aliqua...
1664 1827 1733 1871 dif2

254 1875 419 1918 ferenda.
444 1875 506 1908 cfr.
534 1874 564 1914 1,
591 1874 671 1907 125:
701 1875 911 1909 Senecam...
937 1874 1075 1908 distuli.
1094 1893 1137 1899 —
1162 1875 1202 1907 in
1219 1873 1328 1906 illum
1347 1874 1478 1918 locum,
1502 1873 1536 1906 al
1561 1872 1651 1906 libro
1669 1871 1732 1913 XI,

255 1931 330 1964 cap.
355 1920 375 1952 *2
399 1920 459 1963 (de
485 1921 686 1963 memoria).
712 1939 755 1945 —-
835 1921 870 1953 4.
909 1920 1067 1957 tandem,
1094 1921 1183 1963 App.
1209 1919 1285 1952 crit.
1312 1938 1354 1944 —
1385 1920 1565 1962 pervenit.
1592 1919 1656 1952 vis.
1688 1937 1732 1942 —

255 1971 296 1998 ut
320 1966 361 2005 is,
387 1971 428 1997 ut
451 1968 494 2003 ei,
519 1965 609 1998 altro
634 1965 789 2010 esempio
814 1964 848 1997 di
887 1965 1110 2009 negligenza;
1148 1975 1180 1997 V.
1201 1965 1341 2008 passim
1367 1964 1458 1999 nelle
1497 1968 1588 1997 note.
1615 1982 1655 1988 -
1692 1964 1732 1996 in

255 2010 418 2050 dicendo,
444 2010 604 2054 ‘quando
629 2010 736 2044 dovra
773 2010 920 2053 parlare,
935 2010 992 2044 nel
1006 2014 1114 2054 punto
1150 2008 1231 2042 di...'
1257 2029 1299 2033 —-
1323 2015 1428 2048 certe,
1461 2008 1663 2043 resti-ittivo.
1688 2027 1732 2034 -

257 2056 509 2094 Metrodorum
536 2056 722 2099 Scepsium
747 2055 985 2098 (Metrodoro),
1008 2055 1043 2088 di
1071 2054 1202 2099 Scepsi,
1227 2054 1312 2088 citta
1337 2054 1428 2088 della
1455 2053 1570 2093 Misia,
1596 2053 1732 2088 filosofo

255 2101 475 2135 accademico
501 2112 519 2135 e
545 2106 668 2140 retore,
693 2100 869 2145 discepolo
894 2100 927 2134 di
953 2100 1143 2134 Carneade.
1157 2099 1336 2139 Cicerone,
1359 2100 1458 2134 Tusc.
1493 2099 1516 2139 l,
1541 2098 1595 2137 24,
1618 2097 1673 2137 59.
1698 2097 1733 2132 lo

255 2147 395 2181 celebra
420 2157 439 2179 a
464 2145 612 2190 cagione
629 2146 720 2180 della
739 2157 801 2179 sua
816 2145 1006 2180 eccellente
1029 2145 1196 2179 memoria
1213 2156 1231 2179 e
1249 2156 1269 2178 a
1286 2150 1408 2190 questo
1425 2144 1602 2189 proposito
1619 2143 1732 2178 scrive

256 2192 289 2225 di
316 2192 376 2232 lui,
402 2192 446 2225 de
477 2190 577 2224 Orat.
607 2190 646 2231 II,
672 2190 727 2234 88,
751 2190 833 2224 360:
859 2191 970 2224 vidi...
993 2202 1056 2234 eqo
1070 2201 1231 2223 summos
1248 2191 1410 2224 homines
1427 2196 1461 2224 et
1477 2191 1604 2223 divina
1619 2199 1734 2234 prope

256 2239 446 2274 memoria,
472 2237 624 2270 Athenis
651 2235 912 2274 Charmadam,
937 2238 975 2270 t'n
1001 2237 1101 2278 Asia,
1120 2246 1230 2280 quem
1258 2237 1378 2269 vivere
1395 2236 1501 2269 hodie
1514 2236 1633 2274 aiunt,
1647 2234 1730 2268 Sce-

252 2283 378 2328 psium
404 2282 671 2320 Metrodorum,
696 2292 855 2326 quorum
881 2288 1033 2326 uterque
1059 2287 1246 2326 tamquam
1274 2281 1406 2315 litteris
1437 2283 1473 2313 in
1499 2291 1595 2319 cera,
1618 2281 1670 2314 sic
1697 2290 1734 2313 se

257 2329 378 2362 aiebat
402 2328 628 2371 z'mayinibus
656 2328 694 2360 in
720 2329 764 2360 iis
790 2327 888 2367 locis,
906 2338 995 2372 quos
1009 2327 1169 2366 haberet,
1187 2337 1280 2371 quae
1305 2327 1513 2360 meminisse
1526 2325 1734 2370 vellet,per·

257 2374 424 2408 scribere.
451 2372 522 2406 Csr.
548 2371 767 2413 Quintiliano
792 2372 856 2412 XI,
881 2372 912 2407 2,
936 2372 989 2404 22.
1016 2391 1057 2397 --
1087 2371 1284 2416 Empylum
1309 2372 1492 2405 Rhodium
1517 2369 1671 2415 (Empilo
1698 2369 1733 2402 di

259 2418 375 2459 Roth),
400 2428 469 2452 non
494 2418 656 2451 abbiamo
681 2416 715 2450 di
740 2417 790 2450 Iui
815 2417 942 2451 alcuna
968 2417 1096 2450 notizia
1122 2422 1230 2456 certa,
1254 2417 1298 2450 ne
1323 2417 1491 2451 Cicerone
1525 2416 1558 2450 lo
1593 2414 1733 2449 nomina

260 2465 295 2497 in
321 2463 426 2497 aicun
451 2462 555 2506 luogo
581 2462 671 2497 delle
696 2473 757 2497 sue
782 2473 885 2507 opere
910 2463 976 2497 che
1001 2462 1032 2496 ci
1057 2473 1142 2496 sono
1168 2462 1319 2496 rimaste.
1345 2481 1388 2488 —
1414 2467 1633 2500 nostrorum,
1657 2470 1735 2494 con-

260 2513 439 2554 trapposto
465 2519 483 2541 a
515 2509 754 2542 Graecorum.
780 2527 823 2534 —
868 2508 1101 2542 Hortensium
1138 2510 1182 2549 (v.
1226 2508 1252 2547 1,
1276 2507 1321 2541 23
1345 2509 1404 2550 n.),
1441 2507 1504 2540 cfr.
1528 2505 1600 2540 Cic.
1630 2505 1735 2538 Brut.

259 2554 314 2595 88,
333 2553 418 2587 301:
444 2555 622 2587 memoria
650 2559 764 2594 tanta,
789 2559 967 2598 quantam
994 2554 1029 2585 in
1058 2553 1161 2586 nullo
1187 2553 1392 2597 coynovisse
1417 2563 1473 2586 me
1496 2552 1670 2589 arbitror,
1698 2556 1739 2583 ut

262 2610 357 2646 quae
372 2610 493 2633 secum
509 2605 772 2634 commentatus
786 2605 884 2639 esset,
898 2610 938 2633 ea
953 2601 1030 2633 sine.
1042 2600 1176 2644 scripto
1190 2599 1308 2632 verbis
1324 2598 1457 2632 eisdem
1472 2597 1651 2635 redderet,
1664 2597 1740 2641 qui-
