1887 2901
645 126 776 154 citro-r
805 128 831 153 r.
865 116 885 161 ξ
919 114 994 152 119
1504 111 1551 149 61

83 202 157 244 alii
186 201 308 244 multi
340 200 494 251 diserti,
525 212 623 254 quos
655 200 838 254 persequi
870 200 1036 252 longum
1067 199 1139 240 est.
1172 197 1336 245 Eorum,
1367 208 1466 248 quos
1497 195 1556 236 vi-

85 267 228 317 derim,
260 265 515 309 Domitius
544 264 667 306 Afer
697 267 737 306 et
769 265 941 306 lulius
971 263 1258 304 Africanus
1287 261 1405 310 longe
1442 272 1556 313 prae-

84 331 338 374 stantissimi.
369 329 592 371 Verborum
625 331 710 370 arte
740 328 811 370 ille
841 331 881 370 et
911 330 994 369 toto
1025 339 1168 379 genere
1209 324 1367 367 dicendi
1403 323 1558 378 praefe-

85 395 232 438 rendus
260 397 301 436 et
331 407 450 447 quem
491 394 532 434 in
569 406 736 435 numero
776 395 956 434 veterum
994 391 1140 432 habere
1177 403 1253 432 non
1288 389 1451 430 timeas:
1489 387 1557 428 hio

85 461 332 506 concitatior,
363 459 430 500 sed
461 459 502 499 in
533 470 631 499 cura
661 458 873 500 verborum
895 456 1047 497 nimius
1077 457 1118 496 et
1147 454 1434 507 compositione
1465 465 1557 493 non-

85 537 308 577 numquam
324 523 481 577 longior
497 524 537 564 et
557 522 892 564 translationibus
916 533 1058 573 parum
1081 519 1275 560 modicus.
1301 518 1428 558 Erant
1448 517 1558 558 clara

85 590 128 631 et
154 600 282 641 nuper
310 587 485 639 ingenia.
516 586 619 627 Nam
651 588 691 627 et
721 585 1014 627 Trachalus
1046 585 1285 638 plerumque
1308 581 1498 624 sublimis
1518 583 1559 622 et

86 653 186 695 satis
216 654 379 706 apertus
411 651 490 693 fuit
519 653 560 692 et
580 664 698 704 quern
723 651 826 692 velle
847 651 1001 704 optima
1021 649 1214 696 crederes,
1235 647 1402 689 auditus
1421 648 1557 688 tamen

86 717 234 765 maior;
267 729 359 757 nam
384 719 424 757 et
449 716 567 765 vocis,
589 717 781 768 quantam
807 715 849 756 in
871 715 985 756 nullo
1006 714 1185 767 cognovi,
1210 713 1386 754 felicitas
1409 713 1450 752 et
1469 722 1559 764 pro-

86 781 290 823 nuntiatio
321 780 382 822 vel
409 781 563 822 scaenis
583 781 799 821 suffectura
822 782 862 821 et
882 779 1011 826 decor,
1033 779 1168 819 omnia
1189 777 1361 829 denique
1383 776 1433 825 ei,
1455 788 1557 828 quae

86 916 119 939 ν.
144 908 166 947 ἓ
193 905 208 937 1
237 916 269 937 η.
294 923 337 929 -
362 905 450 948 ipsa.
476 904 562 938 cioe.
586 903 620 936 di
646 914 706 948 per
730 903 766 936 se
799 908 926 937 stesso:
952 903 1096 937 intendi.
1134 902 1246 935 anche
1283 901 1421 944 qnando
1447 910 1514 932 non
1540 899 1559 933 e

86 949 227 983 condita
251 949 284 981 di
311 948 407 982 frizzi
431 959 451 982 o
477 948 616 982 facezie.
642 968 684 974 -
753 949 829 982 118.
855 948 993 987 diserti,
1031 947 1178 980 sonondo
1203 947 1371 979 Cicerone
1403 945 1500 978 Orat.
1526 944 1558 984 5,

89 994 131 1029 18
153 995 387 1037 (Antonius...
411 994 563 1027 disertos
587 995 640 1026 ait
663 1005 700 1026 so
723 995 855 1027 vidisse
880 993 1023 1031 multos,
1059 993 1283 1036 eloquentem
1321 993 1467 1024 omnino
1504 1000 1559 1023 ne-

87 1041 250 1081 minem),
264 1039 282 1072 e
308 1049 409 1072 meno
433 1039 498 1072 che
522 1039 747 1082 eloquentes‚·
770 1049 831 1082 per
854 1037 1071 1078 Quintiliano
1091 1039 1121 1071 le
1139 1037 1205 1070 due
1223 1036 1341 1080 parole
1358 1047 1442 1070 sono
1459 1036 1556 1078 quasi

87 1084 270 1118 sinonime.
295 1082 366 1116 Cfr.
393 1087 414 1121 ,Ε
438 1083 493 1122 68ς
516 1083 548 1121 3,
575 1083 616 1116 13
640 1098 656 1114 v
681 1083 715 1123 7,
742 1083 792 1117 15.
819 1103 857 1107 —
884 1094 972 1127 quos
993 1083 1145 1116 viderim
1162 1084 1275 1124 (come
1292 1085 1314 1123 ,ξ
1331 1081 1399 1119 98),
1425 1086 1558 1113 mentre

87 1128 303 1170 Quintiliano
328 1139 385 1161 era
410 1139 538 1162 ancora
562 1128 730 1171 giovane:
756 1127 877 1172 quindi
913 1138 1067 1171 seguono
1105 1127 1137 1160 le
1173 1126 1392 1171 espressioni.
1429 1129 1451 1167 ξ
1477 1124 1557 1159 119:

87 1174 191 1207 clara
216 1184 358 1217 nuper
383 1174 541 1215 inueniri,
566 1184 584 1205 e
610 1176 631 1210 ,S
662 1173 736 1205 122:
763 1175 828 1217 qui
866 1183 989 1206 nnnc
1025 1174 1154 1213 vitient.
1180 1191 1223 1197 —
1260 1172 1442 1204 Domitius
1467 1171 1560 1210 Aser

88 1218 258 1254 (Dominio
286 1218 395 1257 Afro).
427 1218 459 1250 di
496 1218 690 1250 Nemausus
724 1218 815 1251 nella
848 1217 962 1250 Gallia
995 1217 1204 1252 Narbonese.
1243 1220 1325 1249 nato
1355 1217 1493 1249 intorno
1524 1214 1558 1247 al

86 1263 226 1306 740114.
252 1268 362 1296 morto
388 1262 411 1295 il
437 1263 480 1296 50
497 1262 598 1296 d.C1·.
626 1262 665 1295 Di
692 1262 740 1295 lui
765 1262 878 1296 scrive
901 1262 1119 1303 Quintiliano
1147 1261 1224 1297 ΧΠ,
1251 1261 1303 1299 11,
1327 1260 1368 1294 3;
1395 1261 1471 1293 vidi
1494 1270 1557 1297 eoo

89 1308 194 1351 lonye
220 1309 396 1342 omnium.
424 1318 512 1352 quos
539 1307 629 1340 mihi
652 1317 862 1349 cosmoscere
886 1309 1045 1350 eontioit,
1070 1318 1256 1339 summum
1281 1312 1462 1339 oratorem
1492 1305 1557 1337 Do-

88 1354 234 1386 mitium
262 1353 397 1396 Afrum
434 1352 540 1385 valde
570 1362 702 1391 senem,
726 1352 854 1385 cotidie
882 1352 1025 1395 aliquid
1053 1363 1099 1385 ex
1129 1362 1182 1384 err.
1215 1362 1325 1394 quam
1360 1355 1557 1389 meruerat,

88 1400 304 1432 auctoritate
317 1397 538 1440 perdentem.
554 1408 640 1430 cum
655 1403 785 1434 ‘mente
800 1396 876 1433 illo.
893 1407 1001 1440 quem
1021 1397 1227 1440 principem
1243 1397 1358 1438 fnisse
1374 1395 1558 1439 quondam

87 1444 166 1487 fori
188 1453 259 1475 non
285 1449 364 1475 erat
388 1443 554 1481 dubium,
570 1442 650 1479 atii,
690 1442 762 1476 uod
786 1441 982 1485 indiynum
1000 1442 1180 1479 videatur,
1198 1441 1373 1477 riderent,
1390 1440 1458 1472 alii
1481 1450 1560 1472 ern-

91 1489 280 1522 bescerent.
308 1486 355 1520 lb.
375 1486 426 1522 10.
446 1487 481 1519 11
512 1497 554 1519 ne
571 1487 648 1519 toda
688 1497 708 1519 a
724 1487 931 1520 maturitas.
957 1486 1028 1520 Cfr.
1048 1486 1128 1519 Tac.
1148 1486 1242 1518 Arm.
1263 1485 1358 1518 xlv.
1374 1484 1430 1517 19:
1499 1484 1560 1517 Do-

88 1534 186 1566 mitia·
209 1533 298 1575 Afri
321 1537 356 1566 et
381 1532 430 1564 M.
457 1531 615 1573 Servilii,
639 1535 701 1575 qui
725 1533 879 1565 summis
903 1531 1102 1565 honoribus
1126 1537 1161 1563 et
1198 1530 1316 1562 multa
1353 1529 1558 1573 eloquentia

89 1579 294 1622 viguerant,
319 1577 382 1610 ille
405 1577 544 1610 orrmdo
569 1588 708 1610 causas.
735 1576 947 1610 Servilius...
972 1595 1015 1602 -
1059 1575 1175 1608 Iulius
1203 1576 1404 1618 Africanus
1428 1573 1559 1607 (Giulio

90 1622 284 1664 Africano),
308 1621 399 1655 delle
424 1621 548 1657 Gallie.
574 1621 705 1655 vissuto
730 1621 877 1655 durante
902 1621 1060 1665 l'impero
1084 1621 1116 1653 di
1143 1620 1290 1653 Nerone.
1316 1619 1386 1653 Cfr.
1414 1618 1491 1656 XII.
1507 1618 1560 1657 10,

90 1667 151 1700 11:
175 1669 271 1700 vires
297 1668 477 1710 Africani.
502 1678 520 1699 e
548 1666 636 1699 Vlll.
660 1667 691 1702 5,
719 1666 770 1703 15,
794 1667 881 1700 dove
904 1677 989 1700 sono
1013 1666 1120 1699 (ritate
1144 1666 1270 1698 aleune
1309 1664 1427 1709 parole
1455 1663 1560 1703 dette,

89 1717 185 1746 certo
208 1711 525 1747 sarcasticamente.
539 1712 581 1744 ‹la
607 1711 724 1745 Ginlio
749 1711 918 1745 Africano
941 1722 961 1744 a
986 1710 1125 1744 Nerone
1141 1711 1229 1753 dopo
1248 1710 1271 1742 il
1292 1708 1499 1742 matricidio.
1516 1728 1560 1732 -—

90 1758 287 1791 verborum
310 1762 401 1795 arte,
425 1767 445 1790 e
466 1767 598 1797 uenere
621 1757 777 1795 dicendi,
801 1755 993 1799 designano
1018 1755 1317 1799 rispettivaniente
1342 1754 1374 1787 la
1402 1753 1522 1793 lingna
1539 1763 1558 1787 e

91 1801 126 1836 lo
148 1801 238 1834 stile.
266 1820 305 1826 —-
342 1807 514 1835 veterum.
539 1801 602 1834 cfr.
628 1804 649 1839 ‚S
667 1800 711 1833 40
734 1811 767 1834 n.
793 1812 812 1834 a
836 1802 935 1845 qui...
967 1801 1212 1844 pertulerunt.
1248 1820 1276 1823 κ-
1305 1799 1558 1841 compositione

93 1846 246 1889 lonyior.
270 1845 362 1878 dalla
388 1846 562 1889 prolissita
588 1845 678 1878 nella
697 1845 926 1889 disposizione
943 1844 1034 1879 delle
1047 1845 1166 1888 parole
1183 1855 1226 1878 ne
1243 1855 1403 1885 vengono
1427 1842 1561 1888 periodi

91 1889 248 1925 oltreche
273 1890 396 1934 lunghi
421 1890 534 1924 anche
560 1890 760 1928 intralciati,
784 1901 803 1924 e
827 1894 982 1934 appunto
1006 1894 1137 1923 cotesto
1154 1889 1210 1923 eil
1229 1888 1351 1923 difetto
1375 1888 1560 1922 biasimato

91 1936 134 1969 da
159 1935 386 1976 Quintiliano.
412 1954 456 1960 —
546 1936 620 1969 119.
655 1941 688 1968 et
722 1935 971 1975 (Trachalus),
1011 1934 1233 1979 corrisponde
1266 1933 1299 1967 al
1335 1937 1503 1977 seguente
1528 1938 1562 1964 et

91 1981 262 2023 (Vibius).
290 1999 333 2005 —
366 1979 577 2014 Trachalus,
604 1980 652 2012 M.
684 1979 855 2014 Galerius
878 1980 943 2019 (M.
980 1979 1120 2014 Galerio
1155 1978 1326 2020 Tracalo).
1360 1979 1397 2012 fu
1422 1977 1561 2012 console

94 2025 151 2059 nel
175 2025 220 2058 68
243 2025 274 2057 d.
299 2024 366 2064 Cr„
392 2035 456 2058 con
481 2024 567 2058 Silio
594 2024 724 2058 Italico.
749 2025 838 2058 Pare
863 2025 966 2058 abbia
990 2024 1111 2058 scritto
1136 2024 1161 2057 il
1197 2024 1350 2057 discorso
1385 2023 1452 2056 che
1477 2022 1564 2055 l‘irn-

93 2074 252 2115 peratore
276 2070 403 2103 Ottone
427 2069 618 2113 pronunzio
643 2069 919 2104 nell'assemblea
945 2069 998 2103 del
1025 2069 1148 2110 popolo
1173 2069 1261 2109 dopo
1286 2068 1320 2101 la
1337 2079 1399 2101 sua
1416 2067 1560 2102 vittoria

92 2114 147 2148 sui
171 2113 352 2149 Vitelliani
376 2114 474 2157 (Tac.
506 2115 597 2147 Hisc.
622 2113 646 2151 l,
670 2113 737 2153 90).
762 2114 992 2155 Quintiliano,
1019 2114 1108 2150 Vlll.
1133 2113 1165 2151 5,
1193 2114 1244 2151 19,
1269 2113 1337 2147 cita
1363 2113 1488 2147 alcune
1507 2124 1563 2156 pa-

93 2159 167 2194 role
191 2159 227 2192 di
253 2159 471 2193 un'orazione
495 2158 527 2191 di
556 2159 603 2191 lui
627 2165 753 2192 contra
779 2159 964 2203 Spatalen,
989 2159 1024 2192 in
1050 2169 1117 2192 una
1143 2169 1249 2192 causa
1273 2158 1365 2192 nella
1385 2157 1487 2202 quale
1503 2168 1561 2191 era

93 2204 268 2238 difensore
294 2203 396 2237 Vibio
420 2203 553 2246 Crispo.
591 2203 763 2238 ricordato
788 2204 887 2249 dopo.
927 2204 997 2237 Cfr.
1023 2204 1055 2243 3,
1079 2203 1123 2236 30
1146 2215 1179 2237 n.
1205 2215 1224 2237 a
1251 2209 1300 2237 tot
1327 2205 1561 2237 circumstan-

95 2250 223 2284 tibus...
249 2269 289 2274 —-
316 2251 463 2292 optima,
488 2253 577 2282 sotto
602 2248 625 2282 il
652 2249 795 2293 rispetto
834 2248 996 2282 stilistico
1020 2259 1040 2283 ο
1071 2249 1248 2282 letterario
1272 2249 1307 2281 in
1333 2258 1462 2291 genere
1485 2247 1563 2286 (cfr.

94 2297 118 2337 ἓ
143 2294 239 2333 122);
263 2294 282 2327 e
306 2294 349 2326 da
376 2293 532 2327 tradurre
556 2304 621 2326 con
647 2304 693 2326 un
729 2294 921 2327 sostantivo
945 2298 1102 2327 asti-atto.
1142 2313 1186 2319 —
1224 2294 1407 2326 auditus...
1432 2294 1563 2326 maior.

94 2338 296 2373 sottintendi
322 2349 434 2383 quam
460 2338 591 2375 lect›‹s‚·
616 2338 648 2371 lo
672 2344 780 2372 stesso
806 2339 882 2373 dice
901 2338 1044 2375 Seneca,
1071 2339 1236 2372 Conci-ov.
1255 2337 1312 2377 ΙΙΙ,
1333 2339 1454 2381 praef.
1479 2338 1510 2371 33.
1529 2337 1562 2370 di

93 2383 214 2418 Cassio
238 2383 380 2417 Severo:
408 2384 557 2416 auditus
582 2383 688 2426 lonye
712 2385 830 2417 maior
853 2390 935 2416 erat
957 2395 1067 2428 quam
1094 2384 1216 2417 lectus.
1242 2403 1284 2407 -—
1323 2384 1459 2416 vocis...
1484 2382 1563 2424 feli—

94 2430 195 2469 citas,
220 2427 299 2467 Xll,
315 2428 347 2462 5.
364 2429 400 2462 5:
428 2439 497 2461 vox
520 2428 668 2472 quidem
684 2428 732 2467 (di
751 2429 911 2470 Tracalo)
928 2439 1011 2466 non,
1028 2434 1070 2461 ut
1091 2428 1210 2462 Cicero
1235 2428 1429 2466 desiderat,
1448 2437 1566 2470 paene

96 2473 365 2517 trayoedorum,
400 2473 462 2507 sed
485 2483 596 2516 snper
619 2483 752 2514 omnes,
775 2485 863 2518 quos
887 2484 952 2517 eyo
985 2473 1131 2517 quidem
1156 2473 1340 2506 audierim
1366 2472 1565 2515 trayoedos.

95 2517 148 2553 Ib.
176 2517 226 2558 10,
254 2517 310 2551 11:
333 2529 465 2552 sonum
495 2517 677 2551 Trachali.
703 2537 744 2543 —
768 2518 836 2557 vel,
860 2518 1078 2562 aggiuntivo.
1104 2537 1146 2544 —
1170 2519 1384 2561 suffectura.
1401 2517 1567 2550 assoluta-

95 2567 222 2603 mente,
246 2573 348 2597 senza
373 2563 499 2596 alcuna
525 2573 699 2606 premessa
724 2563 790 2597 ebe
813 2565 965 2608 espriina
990 2563 1202 2601 condizione,
1229 2573 1284 2595 ma
1309 2567 1431 2606 questa
1459 2562 1477 2595 e
1503 2566 1567 2593 <ot-

97 2608 224 2643 tintesa
248 2610 282 2652 («
295 2619 332 2643 se
349 2607 420 2653 egli
438 2619 559 2643 avessc
579 2608 730 2642 voluto...
744 2611 841 2652 ›).—
854 2609 972 2648 decor,
986 2619 1017 2641 v.
1031 2611 1053 2650 ἕ
1067 2608 1110 2641 27
1127 2619 1160 2641 n.
1174 2627 1215 2634 -
1241 2618 1334 2652 quae
1346 2613 1434 2641 sunt
1448 2612 1567 2646 extra,

1584 463 1647 496 119
