1887 2901
1079 0 1151 21 :av-
1201 0 1233 21 π
1277 0 1311 22 v.
1322 0 1340 10 v·
1347 0 1373 21 ⁴-
1386 0 1445 20 ›2²‹-
1492 0 1507 19 .-

1189 0 1597 48 ax..
1640 30 1657 50 .
1703 26 1710 33 -

319 130 395 170 126
842 140 974 167 ono-r
1001 140 1030 166 ι.
1061 131 1082 176 ξ
1112 129 1268 166 45-62

358 226 412 260 45.
438 225 623 260 simillimi
648 224 711 258 A3.
747 223 886 258 similes
911 223 1056 258 Meister
1079 234 1099 258 e
1123 223 1273 269 Krsiger.

400 283 586 327 plurimos
604 280 667 314 A3.
683 301 723 305 —
741 291 764 314 a
788 290 845 313 me
867 290 936 314 om.
951 279 1021 317 A32
1045 279 1261 324 comparisce
1284 279 1454 315 nell'ediz.
1474 280 1506 312 di
1529 279 1675 315 Colonia
1695 280 1790 316 1527.
1823 257 1843 295 ζ’

360 337 414 371 46.
451 339 616 372 omnium
650 337 850 381 fluminum
887 340 1094 380 congettura
1125 335 1181 370 del
1207 335 1373 370 Wolfflin
1407 337 1550 380 (Rhein.
1576 337 1667 371 Mus.
1691 337 1789 372 XLn

317 393 404 429 1887
428 406 460 439 p.
488 393 565 437 144)
595 397 787 437 approvata
819 391 874 425 dal
909 391 1045 426 Becher
1069 391 1118 425 BJ
1143 403 1175 437 p.
1200 392 1255 430 28,
1286 392 1344 426 dal
1370 392 1449 427 Hirt
1472 392 1555 426 JVB
1581 391 1667 427 XIV
1690 404 1724 438 p.
1747 392 1793 428 59
1851 402 1855 409 ⁵

314 461 334 485 e
357 450 414 484 dal
441 450 584 484 Meister
620 448 702 492 (che
727 459 795 483 non
821 449 872 482 fu'
893 448 952 494 pisi
980 449 1016 482 in
1043 453 1158 493 tempo
1189 447 1233 482 ad
1258 447 1469 494 aceoglierla
1501 450 1559 484 nel
1591 460 1654 484 suo
1688 450 1791 492 testo)
1842 447 1863 491 ’ἢ

314 507 423 551 praef.
449 518 479 550 p.
505 516 650 539 xii-xm.
676 505 730 538 ΑΒ
754 516 818 539 con
836 504 918 538 altri
936 516 1034 538 mss.:
1062 506 1231 538 amnium
1256 515 1360 539 senza
1376 505 1454 550 ρίὑς
1472 516 1534 550 per
1546 506 1580 539 la
1596 505 1790 550 corrispon·
1859 507 1862 510 ”

314 563 422 597 denza
447 562 498 595 col
527 572 626 606 passo
651 561 804 595 omerico
836 564 882 603 (v.
909 560 943 594 la
968 565 1049 594 nota
1074 561 1122 594 ad
1148 560 1187 600 l.)
1220 560 1377 599 l'Osanm
1399 560 1537 606 seguito
1560 561 1618 595 dal
1644 561 1750 595 Halm
1771 571 1792 596 e
1856 572 1866 597 ἴ

314 616 502 650 dall'Hild.
539 628 559 650 a
591 618 759 650 amnium
795 615 946 660 premise
981 617 1146 649 omnium
1174 616 1254 659 (cfr.
1281 615 1359 649 Hirt
1393 615 1475 649 JVB
1511 615 1564 650 lx
1600 628 1632 661 p.
1656 616 1749 659 314),
1771 627 1792 651 e

313 673 358 707 ad
382 673 514 707 evitare
545 676 677 706 cotesta
707 672 890 706 cacofonia
915 671 940 704 il
965 671 1130 705 Wolfflin
1164 671 1302 705 sostitui
1339 671 1560 706 felicemente
1589 674 1792 718 fluminum

316 740 336 762 a
361 730 545 762 amnium:
572 728 603 761 la
621 739 684 761 sua
709 727 907 762 correzione
932 728 970 761 fu
995 733 1167 762 accettata
1193 728 1306 762 anche
1325 727 1382 761 dal
1407 728 1588 762 Peterson.

359 784 412 818 48.
437 786 632 830 utriusque
655 786 773 828 operis
797 785 856 818 sui
879 786 1066 828 inyressus
1091 785 1145 817 ΑΒ
1169 795 1234 818 con
1260 784 1341 817 altri
1367 795 1449 817 mss.
1472 784 1515 819 (si
1541 785 1614 819 noti
1646 784 1712 819 che
1736 783 1792 820 A3

314 851 399 887 pure
423 851 489 875 eon
514 839 678 885 parecchi
703 840 785 874 altri
808 851 890 873 mss.
917 840 961 873 ha
987 852 1073 873 nam
1099 841 1221 874 invece
1238 840 1271 873 di
1297 843 1396 879 non).
1422 839 1538 876 Halm.
1563 839 1700 885 seguito
1717 840 1792 875 dal·
1827 848 1830 850 '

314 896 432 936 l‘Hild,
464 896 614 941 premise
641 899 677 928 in
709 907 728 929 a
754 898 948 941 utriusque
979 896 1148 941 aggiunta
1182 896 1248 930 che
1277 895 1301 929 il
1326 895 1495 930 Claussen
1520 896 1688 931 dimostro
1719 907 1790 932 non

314 953 510 988 necessaria
534 952 627 994 (Hirt
652 951 734 985 JVB
760 951 810 986 lx
835 964 868 997 p.
893 952 972 995 314)
1007 963 1026 986 e
1051 952 1116 986 che
1145 952 1170 985 il
1201 951 1337 986 Becher
1371 962 1437 987 con
1465 952 1517 996 gli
1546 951 1626 986 altri
1657 952 1788 987 recenti

314 1010 441 1046 editori
474 1021 543 1044 non
575 1010 710 1042 accetto
745 1010 822 1052 (cfr.
848 1008 895 1042 Β.)
922 1021 952 1053 p.
979 1008 1038 1048 313
1065 1020 1096 1042 v,
1121 1008 1234 1043 anche
1260 1009 1397 1043 Bonnet
1425 1008 1462 1042 in
1487 1008 1574 1043 Rev.
1599 1009 1642 1043 de
1668 1008 1790 1054 philol.

315 1066 401 1101 XVI
427 1066 514 1101 1892
538 1077 570 1109 p.
597 1064 685 1102 170).

401 1123 576 1157 credithr.
602 1125 649 1158 ᾗ.
677 1127 728 1154 est
746 1122 799 1154 AR
816 1131 915 1154 come
934 1120 990 1154 nel
1008 1120 1251 1166 supplemento
1275 1120 1330 1155 del
1349 1132 1410 1154 ms.
1436 1121 1685 1166 Bambergese;
1709 1120 1790 1155 altri

312 1191 406 1213 mssa
431 1179 614 1213 creditum
637 1184 699 1218 est,
722 1178 834 1211 forma
857 1177 1131 1222 (propriamente
1149 1177 1183 1210 di
1202 1178 1352 1222 perfetto
1376 1177 1505 1222 logico)
1522 1177 1589 1212 che
1605 1177 1632 1211 il
1654 1177 1792 1212 Becher

312 1236 361 1269 Β]
386 1248 418 1281 p.
443 1235 483 1268 41
510 1237 557 1279 (v,
582 1236 695 1269 anche
721 1234 800 1268 Hirt
823 1233 906 1266 JVB
933 1233 982 1266 lx
1008 1245 1039 1278 p.
1065 1232 1234 1277 314-315)
1266 1233 1456 1278 preferisce
1486 1233 1522 1268 al
1545 1234 1712 1268 creditur
1735 1233 1790 1268 del

315 1292 432 1332 Halm,
456 1295 629 1326 accettato
653 1290 736 1324 dall·
751 1290 842 1323 Hild.

356 1348 411 1382 49.
436 1354 627 1392 ceteraque
658 1357 752 1392 quae
778 1347 831 1380 A3
863 1357 927 1379 con
954 1346 1035 1379 tutti
1061 1346 1109 1390 gli
1136 1345 1216 1379 altri
1248 1357 1326 1379 mss.
1356 1357 1459 1380 meno
1485 1357 1571 1385 uno:
1602 1345 1748 1391 yenera'
1771 1346 1791 1381 ὁ

312 1404 546 1450 un'aggiunta
581 1403 636 1438 del
672 1403 801 1437 Caesar
835 1402 978 1443 (Philol.
1015 1401 1099 1436 XIII
1136 1414 1166 1447 p.
1196 1402 1287 1444 757).
1325 1402 1350 1436 Il
1389 1402 1549 1436 Kiderlin
1585 1402 1668 1437 JVB
1704 1402 1790 1437 xlv

312 1473 344 1507 p.
371 1460 514 1507 [64-]65
544 1463 648 1494 crede
673 1459 701 1492 si
727 1459 838 1492 debba
862 1457 1034 1492 scrivere:
1068 1463 1270 1502 ceteraque,
1296 1469 1390 1502 quae
1408 1458 1596 1502 probanda·
1622 1469 1666 1493 ac
1687 1460 1790 1503 refu-

312 1516 417 1549 tandi
440 1521 536 1554 sunt,
560 1515 700 1555 <nonne
723 1514 826 1561 sunt)
850 1514 901 1545 ita
926 1511 1056 1550 mulla,
1082 1517 1122 1543 ut

358 1571 412 1605 50.
438 1576 480 1604 ut
504 1571 630 1615 maqni
653 1571 699 1603 sit
724 1568 794 1604 A3:
821 1568 878 1602 ΕΡ
905 1568 947 1605 (L
963 1567 1040 1610 61);
1074 1573 1115 1600 ut
1138 1569 1265 1611 maym'
1293 1569 1340 1600 sit
1371 1569 1447 1600 uiri
1479 1566 1545 1602 che
1568 1567 1598 1601 si
1622 1566 1726 1613 legge
1751 1567 1789 1602 in

312 1626 478 1673 parecchi
502 1626 584 1660 altri
609 1637 689 1659 mss.
714 1625 770 1659 del
796 1629 885 1659 testo
910 1624 944 1657 di
968 1623 1199 1665 Quintiliano.
1228 1623 1353 1657 Anche
1377 1623 1437 1668 qui
1461 1623 1494 1657 ci
1517 1633 1603 1658 sono
1627 1629 1790 1669 proposte

312 1685 347 1718 di
372 1682 647 1721 emendamenti;
672 1682 742 1716 cito
767 1680 883 1726 quella
909 1680 965 1714 del
990 1679 1151 1714 Kiderlin
1177 1679 1259 1713 JVB
1286 1679 1369 1714 xlv
1394 1691 1425 1725 p.
1443 1679 1506 1714 65:
1529 1686 1571 1714 ut
1593 1682 1722 1726 magni
1743 1682 1791 1716 sit
1860 1686 1887 1714 »ἑ

312 1742 467 1786 spiritus

358 1796 412 1831 51.
436 1797 639 1830 durissima
664 1794 728 1828 A3.

357 1853 411 1887 53.
437 1852 639 1887 secundum
663 1863 682 1884 a
708 1855 798 1885 torto
823 1849 998 1884 sostituito
1030 1849 1085 1882 dal
1113 1848 1229 1886 Hertz,
1254 1847 1392 1893 seguito
1416 1847 1473 1882 dal
1500 1847 1617 1888 Halm,
1641 1859 1706 1884 con
1726 1860 1790 1894 pa-

311 1921 392 1945 rem
416 1911 462 1951 (v.
490 1909 568 1942 Hirt
592 1907 674 1941 JVB
700 1907 751 1941 IX
777 1918 808 1951 p.
834 1907 919 1940 315:
945 1906 1007 1940 cfr.
1035 1905 1118 1939 xlv
1145 1917 1176 1950 p.
1201 1904 1283 1948 53).
1304 1905 1359 1938 A3
1382 1915 1481 1939 come
1506 1905 1588 1939 altri
1615 1917 1694 1939 mss.
1719 1916 1789 1941 om.

356 1967 411 2001 54.
437 1971 632 2010 poetarum
663 1964 798 1998 iudicio
824 1962 893 1997 A3:
930 1961 1219 2007 probabilmente.
1244 1965 1342 1995 tanto
1367 1965 1458 1996 sotto
1488 1965 1631 1999 coteste,
1657 1966 1789 2007 quanto

313 2028 403 2059 sotto
428 2022 463 2056 la
487 2023 598 2056 forma
618 2027 815 2065 poetarum
839 2020 976 2053 iudices
1000 2019 1033 2052 di
1058 2018 1139 2052 altri
1165 2029 1257 2059 mss,
1283 2017 1348 2052 che
1372 2028 1457 2052 sono
1482 2017 1519 2052 in
1542 2018 1706 2063 maggior
1728 2029 1790 2053 nu-

314 2090 421 2119 mero.
446 2079 465 2113 e
491 2089 559 2112 una
584 2077 714 2122 glossa.

402 2135 526 2169 reddit
549 2133 613 2168 A3.
648 2134 721 2167 EP:
747 2133 865 2167 edidit

355 2193 410 2227 55.
434 2193 573 2226 rustica
597 2197 632 2224 et
650 2191 844 2235 popular-is
871 2189 936 2225 A3.
959 2200 1016 2222 ma
1041 2188 1320 2222 evidentemente
1341 2187 1536 2232 popularis
1559 2187 1579 2222 ὲ
1603 2187 1702 2223 nulla
1727 2187 1788 2234 pin

312 2249 379 2284 che
404 2260 451 2283 un
477 2248 603 2292 lapsus
627 2246 773 2281 calami.

356 2305 410 2340 59.
435 2305 668 2348 assequimur
686 2303 751 2336 A3.
777 2302 1020 2347 adsequamur
1038 2300 1214 2334 Peterson.
1241 2300 1493 2344 adsequamur
1510 2298 1626 2335 Halm.
1650 2298 1788 2345 seguino

312 2362 355 2396 da
382 2361 462 2395 Hild
487 2372 506 2395 e
530 2360 686 2399 Meister,
709 2370 728 2393 e
748 2359 791 2392 da
812 2359 946 2393 Becher
970 2367 1098 2391 ancora
1124 2357 1158 2389 in
1186 2355 1233 2389 Β]
1259 2367 1290 2401 p.
1320 2356 1374 2390 32.
1400 2356 1540 2400 Krsiger
1565 2365 1718 2401 propone
1745 2361 1790 2390 ut
1838 2351 1840 2353 ’
1884 2343 1887 2356 ¹

311 2419 563 2463 adsequamur

357 2474 412 2507 61.
444 2475 588 2517 spiritu.
620 2472 891 2517 magnificentia
930 2470 1095 2504 Peterson
1122 2472 1155 2509 (e
1186 2468 1279 2506 Hild.
1310 2467 1477 2502 Addenda
1512 2471 1548 2502 et
1581 2467 1788 2513 corrigenda

315 2543 348 2576 p.
376 2530 453 2572 162)
477 2540 541 2564 con
567 2529 684 2563 alcuni
710 2539 789 2562 mss.
860 2529 1013 2572 spiritus
1039 2539 1085 2559 m.
1110 2525 1204 2570 vulg.
1230 2535 1250 2559 e
1273 2524 1346 2560 cosi
1368 2535 1470 2571 pure„
1481 2522 1642 2565 A3,.EP.

359 2587 412 2621 62.
440 2588 506 2621 iste
529 2586 694 2620 sichorus
719 2585 784 2619 A3.

1883 2397 1887 2422 l
