1887 2901
30 48 48 61 -1
114 55 119 57 >
124 46 131 50 ⁴
206 60 214 63 a
229 51 242 62 t·

0 50 23 76 ,ὅ

629 58 763 129 erpui-
792 102 832 128 v.
860 91 882 137 g
907 87 1013 127 2--3
1503 87 1552 126 91

3 177 9 179 “
52 177 268 229 -secundo,
307 188 387 232 quo
416 176 499 218 iam
540 176 795 218 robustorum
826 174 975 217 studiis
1004 173 1185 216 ordinem
1225 170 1443 225 dedimus),
1474 172 1556 226 sed,

81 243 131 285 de
149 255 230 296 quo
259 254 364 284 nunc
394 240 545 295 agitur.
565 240 669 282 unde
699 239 815 294 copia
843 251 890 280 ac
920 238 1100 280 facilitas
1133 237 1306 278 maxime
1333 238 1479 278 veniat.

135 305 302 348 Vertere
332 317 475 357 graeca
507 305 546 345 in
580 305 755 345 latinum
788 305 941 345 veteres
986 301 1109 343 nostri
1147 303 1324 343 oratores
1353 301 1553 354 optimum
1580 315 1602 348 2

80 369 330 411 iudicabant.
366 368 408 409 ld
440 381 479 410 se
503 368 548 409 L.
571 367 738 410 Crassus
767 367 809 408 in
831 367 916 407 illis
938 365 1142 407 Ciceronis
1172 365 1219 406 de
1242 364 1407 406 Oratore
1438 364 1556 405 libris

80 432 183 476 dicit
211 433 436 480 factitasse,
467 432 509 473 id
531 433 669 474 cicero
698 443 772 473 sua
793 431 878 484 ipse
900 442 1066 483 persona
1088 428 1416 482 frequentissime
1447 441 1555 482 prae-

79 498 194 552 cipit,
219 497 319 551 quin
349 497 472 538 etiam
504 497 629 538 libros
650 495 834 537 Platonis
865 497 986 547 atque
1015 493 1292 546 Xenophontis
1323 492 1453 534 edidit
1482 492 1556 534 hoc

78 573 223 617 genere
253 560 491 607 translatos;
525 559 565 601 id
598 559 794 601 Messalae
825 558 994 612 placuit,
1037 557 1272 610 multaeque
1304 557 1400 598 sunt
1431 557 1480 597 ab
1511 569 1556 597 eo

77 625 251 679 scriptae
291 624 341 666 ad
383 625 490 666 hunc
532 625 695 665 modum
736 623 947 671 orationes,
980 621 1077 664 adeo
1109 624 1155 663 ut
1191 622 1315 663 etiam
1357 632 1449 663 curn
1481 620 1556 661 illa

77 689 302 744 Hyperidis
332 701 401 743 pro
431 689 594 743 Phryne
625 687 873 729 difficillima
903 686 1098 728 Romanis
1133 685 1363 727 subtilitate
1395 686 1556 726 conten-

79 754 204 796 deret.
245 753 297 795 Et
326 753 542 795 manifesta
581 754 641 794 est
679 751 980 793 exercitationis
1022 750 1190 791 huiusce
1222 749 1336 790 ratio.
1380 748 1485 790 Nam
1516 750 1557 790 et
1580 762 1602 795 3

79 831 215 860 rerum
247 818 360 871 copia
401 817 532 872 graeci
565 819 747 858 auctores
785 815 992 857 abundant
1031 818 1071 856 et
1106 814 1332 868 plurimum
1378 814 1479 855 artis
1513 813 1556 854 in

79 882 354 936 eloquentiam
389 882 632 930 intulerunt,
663 881 794 922 ethos
825 879 1162 922 transferentibus
1198 878 1330 920 verbis
1361 878 1422 919 nti
1453 877 1556 931 opti-

127 1057 164 1090 2.
191 1055 361 1093 latinum,
386 1053 789 1093 sostantivamentemsr.
803 1053 875 1089 Cic.
893 1054 991 1088 Tusc.
1011 1053 1069 1093 ΙΙΙ,
1086 1053 1188 1091 1429
1201 1065 1207 1086 :
1219 1055 1296 1086 ...in
1315 1053 1473 1086 latinum
1490 1051 1558 1086 illa

83 1107 303 1135 convertere.
320 1119 362 1126 —
384 1107 532 1141 veteres,
556 1100 620 1134 cfr.
652 1101 678 1139 1,
702 1099 746 1133 40
770 1111 803 1134 n.
829 1111 848 1134 a
873 1102 937 1143 qm·
996 1100 1247 1143 pertulerunt.
1273 1117 1314 1124 —
1333 1098 1372 1131 L.
1397 1098 1558 1136 Crassus,

83 1157 115 1179 v.
141 1146 173 1185 3,
201 1145 215 1178 1
243 1156 262 1179 e
287 1156 320 1178 n.
337 1164 381 1171 -
405 1145 450 1179 de
481 1144 634 1179 Oratore
659 1145 774 1184 libris,
799 1144 891 1184 1,34,
912 1144 988 1178 155:
1009 1150 1134 1188 postea
1160 1144 1250 1177 mihi
1270 1143 1423 1187 placuit,
1448 1153 1558 1187 eoque

83 1202 166 1225 sum
192 1201 280 1224 usus
305 1190 529 1229 adulescens,
548 1195 589 1223 ut
612 1200 842 1223 summorum
868 1196 1057 1224 oratorum
1072 1200 1225 1232 ⁸qraccas
1242 1189 1422 1222 orationes
1445 1187 1559 1231 expli-

84 1246 229 1274 carem,·
252 1236 385 1279 quibus
402 1235 500 1269 lectis
518 1235 583 1269 hoc
603 1235 839 1279 adsequebar,
858 1241 909 1274 ut,
935 1246 1017 1268 cum
1046 1245 1099 1273 ea,
1119 1245 1212 1278 quae
1237 1233 1397 1276 leyeram
1416 1242 1558 1276 yraece.

87 1281 202 1314 latine
218 1280 420 1315 redderem,
438 1291 509 1314 non
528 1279 645 1313 solum
663 1280 808 1323 optimis
832 1280 946 1313 verbis
973 1287 1096 1312 urerer
1120 1285 1154 1311 et
1178 1284 1299 1312 tamen
1325 1279 1479 1315 usitatis,
1496 1277 1560 1310 secl

84 1327 194 1359 etiam
219 1327 467 1368 exprimerem
495 1325 675 1369 quaedam
704 1325 810 1358 verba
837 1324 1025 1361 imitando,
1043 1335 1136 1367 qnae
1160 1334 1251 1356 nova
1278 1324 1409 1356 nostris
1433 1327 1560 1358 essent.

83 1370 175 1404 dum
201 1369 304 1403 modo
329 1375 446 1403 essent
471 1371 610 1403 idonea.
636 1388 678 1394 —
709 1369 828 1402 Cicero
898 1370 1091 1412 praecipit,
1114 1367 1282 1401 Cicerone
1308 1366 1362 1401 nel
1389 1366 1561 1411 principio

83 1414 140 1449 dei
165 1413 245 1447 libri
271 1414 315 1447 de
337 1412 471 1459 Officiis
503 1424 522 1447 e
547 1414 591 1447 de
611 1414 760 1447 Finibus
792 1413 932 1447 difende
958 1412 1054 1446 bensi
1082 1414 1114 1446 lo
1138 1412 1253 1446 studio
1278 1412 1332 1446 del
1363 1422 1479 1455 greco,
1504 1422 1561 1443 ma

84 1469 153 1493 non
179 1458 360 1536 sappiamo
385 1459 420 1492 in
445 1459 548 1503 quale
573 1469 677 1503 opera
711 1458 781 1502 egli
807 1458 908 1491 abbia
934 1457 1142 1502 consigliato
1175 1460 1413 1501 apertamente
1438 1455 1560 1490 l'eser-

85 1503 172 1538 cizio
197 1503 239 1538 de
280 1503 437 1537 tradurre
461 1502 517 1537 (131
544 1514 658 1547 greco.
687 1503 727 1538 Υ.
754 1503 787 1536 13
813 1514 846 1536 n.
870 1515 889 1536 a
913 1503 1122 1536 Platonis...
1140 1522 1180 1527 —
1205 1513 1271 1535 sua
1297 1503 1372 1545 ipse
1393 1512 1564 1545 persona,

84 1555 94 1568 “
107 1549 178 1592 egli
197 1547 444 1582 direttamente
459 1547 478 1581 '.
503 1558 521 1581 e
537 1559 603 1582 non
623 1558 683 1592 per
701 1559 816 1581 mezzo
833 1547 960 1585 d'altri,
977 1547 1051 1581 cioe
1069 1547 1102 1580 di
1121 1546 1295 1591 qualcuno
1312 1545 1406 1590 degli
1423 1545 1563 1580 interlo-

84 1593 197 1628 cutori
222 1593 277 1627 dei
295 1593 370 1627 suoi
397 1592 475 1626 libri
502 1594 536 1626 in
564 1593 674 1626 fornia
699 1592 884 1637 dialogiea.
910 1611 952 1618 ——
978 1592 1142 1628 Platonis
1166 1598 1203 1624 at
1232 1603 1275 1626 ue
1300 1591 1563 1635 Xenophontis,

84 1637 140 1672 del
166 1637 278 1682 primo
301 1637 469 1672 Cicerone
496 1638 652 1671 tradnsse
677 1637 701 1670 il
735 1638 854 1671 Timeo
879 1649 898 1671 e
923 1637 946 1669 il
968 1637 1185 1679 Ρνοισμονα,
1202 1603 1256 1670 gel
1279 1636 1429 1670 secondo
1454 1635 1564 1669 l‘Eco·

85 1684 236 1717 nomico.
263 1672 292 1716 Ε
315 1689 435 1717 strano
459 1682 525 1716 che
549 1683 572 1715 ii
602 1687 717 1715 nostro
743 1688 856 1716 retore
888 1693 957 1716 non
982 1682 1127 1716 acc-enni
1153 1681 1221 1714 3113
1249 1680 1448 1715 ῑι·3(11ηἰοῐ10
1473 1680 1564 1714 (10110

85 1727 239 1762 orazioni
265 1727 300 1761 di
326 1728 532 1761 Demostene
557 1739 575 1760 e
600 1727 633 1760 di
660 1726 812 1760 Eschine
844 1737 909 1769 per
936 1727 971 1759 la
996 1737 1127 1760 corona
1146 1726 1223 1768 (cfr.
1253 1725 1281 1765 1,
1306 1724 1350 1758 22
1376 1727 1434 1768 n.),
1464 1725 1518 1765 ne,
1544 1736 1564 1758 a

87 1776 186 1806 tacer
216 1772 340 1806 d'altre
373 1772 648 1809 framinentarie,
681 1771 715 1804 di
749 1771 864 1816 quella
900 1771 952 1805 dei
988 1772 1184 1805 Fenomeni
1219 1770 1251 1803 di
1286 1771 1394 1803 Arato
1426 1771 1503 1811 (cfr.
1534 1769 1565 1809 1,

86 1817 131 1851 55
155 1819 216 1860 n.),
239 1817 306 1851 che
331 1817 547 1861 possedianio
573 1817 606 1849 in
633 1827 719 1859 gran
746 1821 854 1861 parte,
890 1821 1023 1850 mentre
1049 1816 1141 1850 della
1167 1816 1325 1849 versione
1355 1814 1447 1849 delle
1471 1814 1565 1848 detle

86 1861 241 1896 orazioni
273 1861 306 1895 ci
330 1866 423 1895 resta
449 1861 600 1895 soltanto
627 1862 658 1894 la
686 1861 895 1905 prefazione.
926 1861 948 1893 il
977 1861 1029 1895 De
1053 1862 1185 1904 optimo
1206 1870 1340 1904 yenere
1362 1865 1564 1893 oratorum.

86 1905 303 1951 Comunque,
318 1917 385 1940 non
400 1906 419 1940 e
430 1906 565 1940 escluso
578 1906 644 1940 che
659 1906 803 1948 Quintil.
821 1917 884 1939 con
898 1906 929 1939 ie
948 1905 1065 1950 parole
1079 1906 1372 1949 frequentissime
1383 1906 1567 1949 praecipit

87 1951 191 1985 abbia
207 1951 320 1985 inteso
337 1950 482 1984 riferii-si
501 1950 570 1984 alle
589 1951 779 1985 traduzioni
800 1951 886 1984 fatte
904 1951 946 1983 da
964 1950 1035 1983 Cic.
1054 1950 1087 1983 di
1114 1949 1219 1983 molte
1237 1960 1339 1994 opere
1363 1949 1510 1993 greche:
1536 1949 1566 1982 si

88 1996 302 2030 tranei-ebbe
317 1995 349 2028 di
376 2007 421 2029 un
449 2000 603 2040 precetto
620 1996 700 2030 (lato
718 2006 782 2029 con
810 1995 998 2039 l'eseuipio.
1015 2015 1052 2019 —
1073 1995 1138 2029 hoc
1151 2005 1295 2039 genere.
1310 1995 1373 2027 cfr.
1387 1993 1419 2034 3,
1435 1993 1479 2027 26
1496 2005 1529 2027 11.
1547 2004 1567 2027 e

88 2045 179 2075 sotto
196 2043 218 2082 ξ
235 2041 267 2073 7.
286 2041 384 2074 —id
405 2040 594 2076 Messalae.
612 2043 700 2085 App.
719 2041 794 2073 crit.
817 2060 852 2064 -—
877 2040 1065 2079 Messalae,
1084 2051 1115 2072 v.
1144 2041 1173 2079 1,
1190 2039 1234 2072 22
1251 2038 1348 2073 0113
1364 2049 1383 2072 0
1400 2050 1433 2072 n.
1452 2059 1494 2063 —-
1517 2039 1567 2072 ad

88 2086 188 2119 hunc
219 2086 380 2124 modum,
413 2085 485 2118 cioe
518 2085 730 2119 traducendo
761 2085 816 2117 (131
849 2095 964 2129 greco.
996 2104 1039 2110 —
1067 2084 1265 2118 camilla...
1288 2094 1357 2127 pro
1370 2083 1565 2127 Phryne...

87 2131 299 2168 subtilitate.
316 2130 378 2163 cfr.
397 2140 457 2174 per
474 2140 541 2162 una
559 2130 674 2164 simile
691 2129 907 2173 branhilogia
919 2130 990 2163 Cic.
1006 2128 1105 2162 Orat.
1119 2128 1263 2168 29,108:
1282 2130 1401 2173 ipsa
1416 2129 1482 2161 illa
1498 2139 1566 2172 pro

88 2175 216 2210 oRscio
236 2175 407 2208 iuvenilis
427 2175 687 2208 redundantia.
768 2175 974 2218 Hyperidis.
999 2185 1031 2207 v.
1050 2175 1079 2212 1,
1102 2174 1157 2207 77.
1184 2193 1222 2198 —
1245 2173 1408 2217 Phryne,
1432 2173 1567 2206 famosa

87 2224 183 2254 etei-a
196 2230 313 2264 greca,
328 2221 361 2252 la
378 2219 492 2263 quale,
511 2225 674 2252 accusata
693 2220 727 2253 di
746 2221 899 2261 ἀσέβεια.
919 2220 953 2252 fn
973 2219 1084 2252 difesa
1103 2219 1144 2252 da
1163 2217 1297 2263 lperide
1314 2229 1332 2252 e
1351 2217 1480 2252 assolta
1499 2229 1567 2251 non

87 2269 186 2298 atnto
235 2275 272 2298 er
298 2264 483 2298 l'orazione
505 2263 537 2296 di
566 2263 612 2297 lui
638 2269 712 2303 (ora
738 2265 910 2309 perdum).
929 2268 1060 2308 quanto
1077 2264 1111 2297 in
1131 2263 1222 2296 virtu
1238 2262 1329 2296 delia
1344 2262 1482 2307 propria
1495 2262 1570 2297 bel-

90 2309 193 2344 lezza.
239 2309 280 2342 fr.
296 2308 400 2347 11.15‚
412 2308 444 2341 9:
459 2314 492 2342 et
504 2308 679 2352 Phrynen
699 2321 768 2342 non
787 2309 982 2353 Hyperidis
997 2309 1146 2348 actione,
1164 2319 1389 2352 quamquam
1407 2308 1569 2341 admira·

92 2354 168 2392 lbii,
181 2354 244 2388 sed
256 2360 446 2398 conspectu
454 2355 628 2397 corporis.
642 2354 737 2398 quod
751 2354 817 2386 illa
828 2356 1130 2397 speciosissimum
1145 2353 1286 2396 alioqui
1296 2353 1446 2386 diducta
1455 2353 1570 2386 nuda-

89 2401 184 2433 verit
201 2400 337 2438 tunica,
348 2398 659 2442 putantpericulo
675 2399 876 2432 liberatam.
888 2398 1162 2443 —difficillima
1179 2397 1363 2437 Romanis,
1376 2396 1448 2431 cosi
1464 2396 1571 2437 1,1ΟΟ

90 2443 136 2477 ha
167 2443 278 2478 detto:
293 2454 377 2477 cum
394 2453 513 2476 sermo
528 2445 602 2487 ipse
620 2454 796 2477 romanus
813 2455 886 2477 non
905 2445 1066 2486 recipere
1086 2443 1255 2476 videatur
1269 2442 1374 2474 illam
1391 2442 1476 2476 solis
1493 2453 1571 2476 con-

89 2499 226 2523 cessam
241 2489 370 2522 Atticis
397 2499 572 2522 venerem.
593 2507 633 2513 —
647 2489 861 2530 subtilitate,
871 2487 950 2522 vedi
971 2488 1052 2533 1278
1066 2499 1084 2522 e
1101 2487 1187 2525 2,19
1209 2497 1227 2520 0
1246 2491 1325 2521 note
1344 2486 1571 2527 ivi—ratio,

90 2545 109 2565 ‹
126 2533 158 2566 la
177 2533 300 2578 ragion
318 2532 467 2567 d'essere
483 2548 558 2565 ».—
616 2534 653 2566 3.
678 2544 817 2575 rerum,
831 2533 855 2565 il
871 2539 879 2551 ⁸
892 2532 1162 2566 contenuto'.-
1180 2537 1357 2571 auctores,
1371 2543 1402 2565 v.
1423 2531 1452 2572 1,
1476 2530 1517 2564 24
1537 2542 1570 2564 11.

89 2596 133 2604 -
152 2579 268 2613 verbis
293 2580 347 2612 uti
370 2579 526 2624 optimis,
552 2577 614 2612 cfr.
632 2577 667 2612 13
692 2589 725 2612 n.
750 2589 770 2612 a
789 2579 833 2612 de
856 2578 1008 2612 Oratore
1035 2578 1139 2612 libris
1171 2575 1225 2610 del
1257 2579 1280 2619 ἓ
1303 2576 1335 2608 2.
1363 2595 1404 2602 —-
1427 2577 1571 2614 nostris,
