1887 2901
287 110 339 148 78
826 119 959 146 οΑΡυτ
987 119 1044 145 111.
1073 109 1094 154 ἓ
1123 77 1227 146 547

241 209 264 243 5
286 195 409 237 scribi
440 194 634 249 oporteat,
657 193 740 234 iam
770 193 865 234 hinc
895 192 1076 233 ordinem
1107 204 1264 245 sequar.
1288 191 1352 234 Sit
1373 192 1503 246 primo
1534 190 1598 233 vel
1619 191 1766 234 tardus

287 260 386 301 dum
417 259 592 314 diligens
637 258 770 308 stilus,
803 269 1047 310 quaeramus
1091 257 1246 310 optima
1284 269 1356 299 nec
1386 258 1572 311 protinus
1603 257 1764 299 offeren—

287 325 400 366 tibus
429 337 469 366 se
499 323 764 378 gaudeamus,
795 321 1038 363 adhibeatur
1081 320 1283 362 iudicium
1327 321 1517 371 inventis,
1552 321 1767 375 dispositio

288 390 488 444 probatis;
533 388 708 429 dilectus
753 387 860 428 enim
906 398 1043 427 rerum
1087 385 1383 439 verborumque
1426 385 1606 440 agendus
1636 387 1698 427 est
1726 386 1768 427 et

289 454 463 508 pondera
492 452 744 507 singulorum
777 450 1056 492 examinanda.
1088 450 1186 492 Post
1226 450 1370 492 subeat
1409 451 1512 492 ratio
1543 449 1766 492 collocandi

289 520 577 570 versenturque
607 517 716 558 omni
748 515 863 557 modo
893 515 1068 565 numeri,
1100 527 1176 556 non
1208 516 1255 555 ut
1285 514 1472 568 quodque
1507 528 1547 556 se
1593 514 1769 568 proferet

242 591 264 625 6
288 584 456 625 verbum
487 583 655 635 occupet
684 581 832 622 locum.
865 579 978 631 Quae
1009 578 1173 633 quidem
1220 580 1268 620 ut
1305 579 1547 634 diligentius
1576 591 1769 632 exsequa-

289 661 394 698 mur,
424 646 640 701 repetenda
670 645 830 698 saepius
853 646 973 686 erunt
993 644 1234 698 scriptorum
1258 644 1450 697 proxima.
1483 643 1588 684 Nam
1611 645 1769 697 praeter

288 712 342 761 id,
366 711 471 765 quod
493 712 551 753 sic
573 711 720 752 melius
741 711 970 764 iunguntur
999 709 1202 763 prioribus
1233 708 1457 761 sequentia,
1479 709 1588 749 calor
1609 720 1769 761 quoque

288 778 360 818 ille
391 776 661 831 cogitationis,
693 776 761 828 qui
796 773 999 815 scribendi
1031 785 1142 814 mora
1172 773 1342 822 refrixit,
1379 773 1525 826 recipit
1545 784 1590 813 ex
1611 772 1769 826 integro

288 843 392 884 vires
423 844 464 883 et
494 841 606 883 velut
636 841 808 894 repetito
838 839 969 893 spatio
1015 838 1143 880 sumit
1173 838 1393 892 impetum:
1436 837 1542 891 quod
1572 838 1614 878 in
1645 840 1770 879 certa-

288 908 396 949 mine
427 906 599 948 saliendi
631 905 717 946 fieri
749 904 948 953 videmus,
981 904 1028 944 ut
1056 905 1247 945 conatum
1279 903 1441 957 longius
1471 903 1613 955 petant
1646 903 1688 943 et
1717 901 1769 942 ad

287 972 406 1022 illud,
438 983 516 1024 quo
547 969 816 1018 contenditur,
848 968 1025 1022 spatium
1073 980 1196 1009 cursu
1242 967 1436 1017 ferantur,
1468 969 1595 1019 utque
1635 966 1678 1007 in
1709 966 1768 1007 ia-

287 1036 460 1078 culando
491 1036 657 1076 brachia
690 1033 922 1075 reducimus
952 1034 993 1074 et
1022 1032 1228 1085 expulsuri
1260 1032 1344 1073 tela
1375 1043 1514 1072 nervos
1544 1033 1651 1072 retro
1687 1031 1770 1071 ten-

243 1106 264 1139 7
287 1102 436 1143 dimus.
469 1101 637 1141 Interim
669 1101 818 1146 tamen,
850 1098 884 1139 si
931 1098 1031 1139 feret
1076 1097 1211 1147 flatus,
1243 1096 1374 1137 danda
1409 1096 1506 1137 sunt
1535 1095 1637 1144 vela,
1669 1094 1769 1137 dum

334 1256 369 1290 5.
396 1256 463 1295 vel,
489 1254 702 1289 concessivo.
727 1274 769 1278 -
795 1254 884 1287 dum
902 1253 1071 1295 diliqens.
1089 1262 1193 1285 senza
1211 1252 1327 1292 verbo,
1345 1262 1444 1285 come
1464 1250 1493 1291 1,
1509 1250 1574 1285 94:
1601 1251 1771 1296 quamvis

290 1312 363 1335 uno
389 1301 493 1340 libro,
517 1311 536 1335 e
562 1304 653 1334 sotto
681 1303 704 1341 g
734 1298 794 1332 19:
826 1299 1026 1342 quamlibet
1054 1303 1264 1341 properato.
1290 1316 1332 1322 —
1357 1299 1505 1341 optima,
1537 1306 1607 1330 non
1632 1306 1693 1340 per
1717 1295 1772 1330 cib

289 1346 355 1380 che
382 1345 547 1390 riguarda
572 1346 766 1379 solamente
792 1343 801 1376 i
827 1343 990 1388 pensieri.
1018 1354 1073 1375 ma
1098 1354 1226 1376 ancora
1252 1342 1285 1375 13
1311 1343 1434 1381 forma,
1460 1341 1491 1375 le
1517 1340 1648 1385 parole,
1673 1351 1772 1375 come

289 1391 413 1424 risulta
439 1390 696 1435 dall'aggiunta
722 1389 786 1422 che
811 1400 938 1432 segue:
975 1388 1128 1421 dilectus
1165 1398 1292 1421 rerum
1324 1388 1601 1430 verborumque.
1633 1406 1668 1410 -
1689 1397 1772 1430 pro-

290 1438 388 1470 tinus
412 1440 458 1478 (v.
486 1436 516 1474 1,
541 1438 561 1469 3
586 1437 647 1478 ιι),
673 1446 716 1471 va
741 1445 806 1467 eon
831 1434 1070 1478 qaudeamus,
1098 1443 1166 1466 non
1193 1443 1258 1466 con
1276 1433 1522 1476 offerentibus.
1538 1451 1580 1455 —
1605 1431 1771 1470 inventis,

290 1481 336 1515 ha
361 1481 481 1515 valore
505 1481 539 1514 di
566 1485 736 1525 presente,
762 1484 897 1513 mentre
920 1479 1081 1521 probatis
1106 1477 1186 1519 <che
1213 1477 1329 1510 indica
1354 1477 1386 1510 13
1412 1486 1654 1520 eonseguenza
1679 1475 1771 1509 della

288 1525 398 1560 scelte
424 1527 526 1569 satta)
551 1525 585 1558 di
610 1529 759 1570 passato.
785 1543 828 1549 —
855 1524 1053 1557 dilectus..
1079 1523 1254 1567 ayendus,
1281 1523 1372 1556 frase
1397 1521 1452 1556 del
1479 1521 1686 1565 linguaggio
1711 1520 1771 1553 mi-

287 1571 414 1611 litare;
439 1571 502 1605 cfr.
530 1571 622 1604 Plin.
649 1570 695 1603 N.
716 1569 760 1602 H.
785 1569 817 1612 7,
834 1570 895 1602 30:
923 1571 1155 1612 inqenz'orum
1176 1568 1322 1610 yloriae
1345 1569 1427 1611 quis
1446 1568 1563 1610 possit
1587 1576 1696 1609 ayere
1719 1566 1771 1599 di-

289 1617 422 1651 lectum
439 1642 488 1656 ...,
517 1627 535 1650 e
563 1627 593 1649 v.
619 1626 720 1660 sopra
748 1613 776 1654 1,
803 1614 847 1647 85
876 1625 937 1658 per
964 1613 1113 1646 un‘altra
1140 1613 1232 1645 frase
1257 1613 1291 1645 di
1316 1612 1442 1656 eguale
1468 1611 1710 1656 provenienza.
1729 1629 1772 1636 -

287 1663 536 1707 sinyzclorum,
568 1660 656 1704 cioe,
680 1671 762 1694 caso
789 1670 848 1704 per
872 1669 963 1692 caso.
995 1678 1036 1683 —
1075 1659 1169 1691 ratio
1194 1657 1409 1696 collocandi,
1444 1655 1771 1693 circonlocuzione3

287 1708 353 1752 cfr.
367 1710 389 1749 ἓ
413 1707 467 1741 31:
493 1707 588 1740 ratio
605 1705 763 1740 delendi.
782 1725 821 1728 —
841 1709 1080 1738 versentur
1098 1705 1256 1739 numeri,
1278 1713 1396 1736 senso:
1422 1701 1450 1734 si
1470 1701 1568 1746 provi
1593 1712 1612 1735 e
1630 1700 1770 1745 riprovi.

290 1754 319 1788 E
345 1763 413 1786 una
442 1751 695 1786 reminiscenza
732 1749 906 1789 oraziana,
938 1750 980 1780 A.
1002 1748 1043 1781 Ρ.
1068 1747 1200 1781 39-4Ο;
1230 1753 1367 1781 versate
1391 1747 1455 1780 dia
1481 1746 1572 1791 quid
1595 1748 1696 1790 ferre
1719 1756 1771 1779 re-

289 1803 427 1837 casem,
447 1798 454 1841 1
475 1797 564 1841 quid
588 1797 736 1829 valeam
761 1795 919 1828 humeri.
939 1812 981 1819 —
1006 1799 1162 1837 occupet,
1188 1805 1219 1825 v.
1248 1794 1276 1832 1,
1300 1792 1333 1825 7.
1358 1811 1400 1817 —-
1432 1793 1468 1826 6.
1495 1802 1599 1836 quae,
1624 1791 1679 1825 cio
1704 1790 1772 1824 che

289 1843 454 1889 riguarda
470 1842 503 1875 la
518 1853 537 1873 «
553 1841 789 1875 collocazione
804 1853 886 1872 ».—
899 1841 1132 1882 scriptorum,
1145 1839 1164 1871 e
1180 1843 1303 1871 neutro
1317 1849 1323 1869 :
1349 1843 1357 1854 ⁶
1371 1837 1497 1879 scritti,
1513 1836 1603 1881 parti
1616 1835 1738 1869 scr-itte
1751 1835 1770 1867 “.

290 1909 332 1914 -
365 1889 552 1933 proxima,
579 1887 635 1920 nel
667 1896 768 1919 senso
804 1885 856 1917 di:
893 1884 1040 1918 ‘ultimo
1068 1884 1094 1922 ’ς
1135 1884 1197 1916 cfr.
1223 1883 1256 1921 7,
1281 1883 1311 1923 S.
1337 1901 1380 1908 -
1412 1888 1564 1925 praeter
1599 1881 1638 1914 id
1662 1881 1770 1925 quod,

289 1947 320 1969 v.
349 1935 378 1974 1,
402 1933 446 1967 28
470 1944 504 1966 n.
529 1952 571 1957 ——
608 1933 771 1975 refriasit,
795 1929 961 1963 continua
988 1929 1020 1962 la
1047 1929 1217 1962 metafora
1244 1928 1299 1962 del
1332 1928 1442 1961 calor.
1469 1946 1511 1952 —
1543 1937 1590 1961 ex
1614 1928 1770 1970 inte9r0‚

290 1992 321 2014 v.
348 1980 378 2019 1,
402 1977 447 2011 20
471 1989 503 2010 n.
533 1996 575 2002 —
602 1978 752 2020 repetito
780 1977 906 2019 spatio,
932 1982 940 1993 ⁸
956 1973 1155 2018 prendendo
1181 1973 1213 2006 la
1245 1971 1440 2007 rincorsa':
1476 1973 1587 2016 figura
1612 1971 1771 2005 derivata

289 2023 383 2058 dalla
408 2023 598 2057 medesima
634 2023 742 2060 fonte,
767 2021 842 2054 cioe
868 2020 891 2053 il
918 2019 1019 2058 salto,
1050 2019 1092 2052 da
1121 2018 1177 2052 cui
1211 2019 1228 2051 e
1262 2019 1347 2051 tolta
1377 2014 1409 2050 13
1443 2017 1556 2061 prima
1588 2016 1680 2050 delle
1705 2015 1772 2049 due

290 2069 438 2114 imagini
471 2069 537 2101 che
562 2078 736 2111 seguono:
763 2066 903 2111 quod...
929 2067 1112 2107 ferantur.
1141 2083 1178 2088 —
1205 2065 1346 2108 quod..
1375 2063 1550 2102 videmus,
1577 2067 1628 2100 ut,
1651 2062 1716 2095 cfr.
1743 2061 1772 2100 1,

290 2115 355 2149 58;
381 2114 477 2159 quod
501 2115 660 2157 facimus
736 2118 785 2150 ut,
810 2122 843 2144 n.
869 2129 912 2136 -—
935 2115 1108 2144 conatum
1135 2109 1281 2153 lonyius
1311 2114 1438 2152 petant
1461 2108 1539 2149 (cfr.
1569 2110 1591 2147 ἕ
1620 2106 1658 2138 2:
1681 2117 1770 2150 pro-

289 2163 406 2205 fectus
431 2169 504 2192 non
539 2169 562 2190 a
586 2168 728 2191 summo
756 2158 925 2200 petitus);
952 2161 1124 2189 conatum
1145 2160 1270 2198 petere
1293 2153 1312 2187 e
1345 2152 1522 2197 «prender
1547 2162 1709 2196 campo».
1729 2170 1772 2176 —

290 2205 388 2238 illud
459 2205 630 2248 spacium,
644 2201 722 2236 vale
740 2213 759 2235 a
777 2201 863 2240 dire,
889 2201 922 2234 la
947 2204 1050 2234 meta.
1065 2219 1107 2225 —
1120 2210 1262 2238 nervos,
1277 2205 1285 2217 ‘
1300 2198 1311 2231 i
1328 2197 1476 2231 muscoli
1490 2197 1510 2235 ⁸,
1535 2208 1554 2231 e
1581 2207 1661 2235 non,
1675 2206 1773 2230 come

292 2249 396 2284 vuole
421 2248 573 2294 qualche
598 2251 885 2285 commentatore,
911 2245 976 2279 «la
994 2245 1098 2279 corda
1116 2244 1282 2279 dell'arco
1299 2256 1330 2276 ».
1349 2262 1391 2268 —
1442 2244 1476 2277 ’7.
1497 2244 1659 2278 interim.
1684 2253 1716 2274 v.
1745 2243 1772 2278 1,

290 2296 312 2329 9
330 2307 363 2330 n.
378 2315 414 2319 -
432 2297 464 2328 si
489 2296 583 2338 feret
606 2295 729 2338 flacus,
746 2293 809 2325 cfr.
828 2292 856 2331 1,
872 2291 956 2324 110:
984 2296 1235 2323 transversum
1255 2289 1413 2322 iudicem
1426 2290 1548 2332 ferat:
1575 2287 1609 2320 in
1628 2286 1774 2320 italiano

291 2341 362 2374 3113
381 2340 552 2373 metafora
569 2338 625 2372 del
652 2343 779 2371 vento
798 2336 877 2381 puoi
896 2336 1073 2370 sostituire
1091 2335 1219 2379 quella,
1238 2334 1296 2379 piu
1316 2339 1425 2372 usata,
1443 2332 1536 2366 della
1560 2335 1774 2369 corrente,

292 2386 315 2419 il
342 2385 407 2419 che
433 2385 459 2418 ti
484 2383 691 2425 obblighera
717 2394 737 2416 a
762 2382 921 2415 tradurre
947 2392 1016 2415 non
1042 2380 1112 2413 alla
1147 2380 1269 2414 lettera
1307 2379 1432 2412 danda
1464 2378 1555 2412 vela.
1583 2397 1622 2402 —
1649 2377 1775 2410 danda

291 2437 377 2465 sunt
402 2430 495 2470 vela,
514 2429 668 2473 imagine
687 2439 755 2462 non
774 2428 1018 2471 infrequente;
1045 2426 1090 2458 mi
1118 2425 1231 2459 limito
1256 2437 1275 2458 a
1293 2424 1403 2457 citare
1424 2423 1496 2457 Cic.
1518 2421 1619 2456 Orat.
1637 2422 1692 2459 23.
1709 2421 1774 2455 75:

292 2486 520 2521 quocumque
543 2477 711 2518 feremur
728 2473 853 2506 danda.
872 2473 1052 2505 nimirum
1071 2470 1151 2504 vela
1170 2476 1267 2503 sunt.
1284 2488 1325 2494 —
1343 2469 1434 2502 dnm
1497 2478 1569 2501 non
1587 2467 1724 2508 (invece
1740 2465 1775 2499 di

291 2533 360 2559 ne.-
386 2532 416 2553 v.
446 2531 547 2564 sopra
574 2523 596 2561 g
621 2518 642 2553 3
667 2525 743 2552 et...
769 2520 868 2559 non),
905 2528 965 2551 uso
992 2516 1148 2561 poetico:
1185 2514 1257 2549 cosi
1286 2514 1364 2553 ΧΗ,
1400 2514 1450 2551 10,
1479 2513 1543 2545 48ῑ
1581 2513 1671 2546 dum
1699 2522 1776 2545 rem

291 2568 500 2600 contineant
535 2571 569 2598 et
605 2566 707 2607 copia
743 2575 811 2597 non
855 2563 1071 2596 redundent.
1115 2560 1321 2593 Dummodo
1359 2569 1428 2593 non
1466 2557 1596 2592 ricorre
1634 2557 1702 2590 mai
1740 2556 1775 2590 in

291 2611 520 2654 Quintiliano,
554 2621 608 2643 ma
634 2609 826 2643 solamente
845 2609 933 2642 dum
966 2619 986 2641 o
1021 2607 1124 2639 modo
1141 2606 1282 2647 (inveee
1301 2605 1335 2637 di
1353 2603 1577 2647 dummodo).
1594 2621 1637 2629 —
1657 2601 1778 2636 indul·
