1887 2901
295 87 348 126 64
800 99 932 126 CAPUT
960 100 988 125 1.
1021 81 1046 136 §A
1073 82 1282 128 125—1‘26

298 172 452 215 Sextios
482 175 656 223 secutus,
688 186 764 215 non
795 174 881 215 sine
905 173 1022 215 cultu
1052 187 1098 216 ac
1128 176 1270 217 nitore.
1302 175 1527 217 Plautus
1556 175 1598 218 in
1628 176 1776 220 Stoicis

297 251 432 279 rerum
463 239 683 292 cognitioni
727 238 856 280 utilis.
889 239 935 279 In
966 238 1178 292 Epicureis
1220 239 1322 282 levis
1366 241 1546 294 quidem,
1585 241 1654 284 sed
1697 255 1774 285 non

212 304 273 338 125
296 303 543 345 iniucundus
573 305 709 344 tamen
739 305 880 345 auctor
910 305 970 345 est
1000 303 1189 345 Catius.
1221 304 1278 345 Ex
1299 304 1502 347 industria
1533 305 1774 349 Senecam

296 367 338 407 in
368 368 476 408 omni
507 379 651 421 genere
681 367 934 421 eloquentiae
965 367 1110 409 distuli
1154 371 1316 422 propter
1355 370 1566 425 vulgatam
1598 370 1699 412 falso
1725 371 1775 412 de

298 444 360 472 me
391 432 632 485 opinionem,
663 444 743 485 qua
787 432 979 474 damnare
1026 446 1119 474 eum
1151 436 1193 474 et
1222 433 1401 475 invisum
1433 447 1592 488 quoque
1624 435 1773 477 habere

295 508 383 537 sum
416 496 605 537 creditus.
638 495 751 548 Quod
782 497 934 538 accidit
963 497 1082 548 mihi,
1114 497 1213 538 dum
1244 504 1478 552 corruptum
1506 502 1546 540 et
1582 500 1772 541 omnibus

296 561 407 601 vitiis
438 561 611 602 fractum
642 560 801 603 dicendi
831 574 960 616 genus
991 574 1175 604 revocare
1198 562 1249 603 ad
1280 563 1478 604 severiora
1508 563 1663 605 iudicia
1679 576 1773 606 con-

295 625 439 672 tend03
470 628 559 666 tum
590 626 728 667 autem
772 626 880 668 solus
926 627 991 667 hic
1037 627 1117 668 fere
1153 627 1195 667 in
1220 627 1415 668 'manibus
1445 627 1770 670 adulescentium

258 698 268 706 ³
295 690 389 731 fuit.
420 690 550 741 Quem
579 703 656 732 non
687 691 875 744 equidem
908 692 1069 733 omnino
1109 691 1282 733 conabar
1312 693 1510 741 excutere,
1541 693 1610 734 sed
1641 694 1770 746 potio-

294 755 406 796 ribus
436 754 626 808 praeferri
657 768 734 797 non
765 756 962 806 sinebam,
992 768 1091 809 quos
1121 756 1194 797 ille
1224 768 1301 798 non
1332 756 1546 798 destiterat
1561 757 1774 809 incessere,

295 875 532 908 medicorum.
569 874 798 916 Quintiliano,
824 875 902 913 XII,
930 874 981 909 11.
1007 875 1060 910 94.
1087 875 1119 909 lo
1144 875 1285 920 giudica
1319 876 1492 909 mediocri
1525 877 1584 910 vir
1614 878 1774 921 ingenio,

294 930 313 954 e
338 919 444 953 molto
476 931 594 965 spesso
624 925 780 954 contesta
814 919 846 954 le
871 931 932 954 sue
965 920 1202 954 aliermazioni
1241 919 1296 954 nel
1327 931 1450 965 campo
1483 920 1574 955 della
1609 923 1770 956 retorica.

295 965 336 998 Y.
354 976 457 1009 sopra
476 969 498 1007 ἓ
514 964 568 998 23.
587 984 630 990 -
654 965 796 999 Sextios
813 965 957 1009 (Sestii),
976 965 1042 999 due
1067 966 1192 1000 furono
1217 965 1228 998 i
1248 966 1375 1005 Sextii,
1400 966 1425 999 il
1450 966 1557 1010 padre
1582 966 1775 1011 (Quintus)

294 1021 313 1043 e
338 1010 362 1042 il
388 1010 497 1053 figlio,
521 1011 804 1055 contemporanei
830 1010 864 1044 di
889 1010 1016 1044 Cesare
1041 1022 1059 1045 e
1083 1010 1117 1043 di
1143 1011 1315 1054 Augusto,
1340 1011 1482 1055 seguaci
1508 1010 1601 1045 della
1626 1011 1774 1046 filosofia

294 1056 488 1100 pitagoriea
525 1066 543 1089 e
568 1055 660 1089 della
690 1055 810 1089 stoica.
850 1055 911 1090 Del
941 1056 1048 1100 padre
1089 1056 1202 1089 scrive
1239 1055 1371 1090 Seneca
1400 1055 1464 1099 Ep.
1501 1055 1556 1096 59,
1580 1055 1620 1089 7:
1648 1058 1773 1091 virum

294 1111 426 1140 aerem,
448 1101 592 1144 yraecz's
617 1102 747 1140 verbis,
778 1102 942 1134 romanis
970 1101 1134 1134 moribus
1162 1100 1489 1144 philosophantem.
1526 1121 1562 1125 —
1600 1102 1705 1136 cultu
1731 1114 1774 1137 ac

294 1148 422 1184 nitore,
454 1146 517 1179 cfr.
544 1146 625 1179 Tac.
653 1146 748 1179 Dial.
774 1146 833 1178 20:
860 1150 976 1180 nitore
1006 1152 1040 1179 et
1067 1146 1189 1184 cultu;
1222 1145 1280 1179 23:
1307 1148 1464 1180 nitorem
1489 1152 1524 1180 et
1546 1147 1705 1180 cultum.
1728 1168 1771 1172 —

295 1190 467 1229 Plautus,
503 1190 720 1231 Quintiliano
758 1190 893 1225 ricorda
929 1191 1064 1225 altrove
1099 1191 1155 1235 (ll,
1182 1191 1237 1224 14.
1259 1191 1280 1222 2
1304 1202 1323 1224 e
1349 1190 1409 1231 111,
1432 1191 1465 1229 6,
1488 1191 1546 1234 23)
1571 1203 1618 1225 un
1643 1191 1770 1226 Plauto

293 1235 443 1276 filosofo‚
468 1247 570 1269 senza
595 1235 724 1270 dubbio
749 1240 871 1281 questo
895 1241 1017 1276 stesso,
1041 1236 1108 1270 che
1134 1238 1195 1270 uso
1221 1236 1229 1268 i
1257 1236 1410 1275 termini,
1436 1236 1579 1276 insoliti,
1603 1239 1773 1282 queentia

293 1286 327 1324 (o
352 1283 465 1323 entia)
480 1292 498 1314 e
523 1283 686 1315 essentia.
706 1282 795 1326 App.
809 1281 885 1315 crit.
900 1301 941 1306 —
960 1293 1101 1320 rerum,
1118 1281 1143 1314 il
1162 1287 1170 1299 ‘
1184 1281 1326 1314 sistema
1342 1281 1348 1288 '
1376 1281 1482 1324 (della
1499 1281 1621 1316 scuola
1637 1282 1772 1325 stoica).

295 1345 336 1350 —
362 1325 463 1366 levis,
488 1326 730 1370 ‘superficiale
747 1327 770 1365 ';
799 1326 862 1360 cfr.
887 1326 919 1367 3,
937 1326 992 1359 17:
1021 1327 1158 1361 levitas.
1184 1345 1227 1351 —
1252 1326 1373 1360 Catius
1397 1326 1542 1370 (Cario),
1567 1326 1710 1362 insubre
1735 1327 1770 1360 di

293 1371 438 1410 nascita,
475 1376 768 1415 contemporaneo
803 1371 835 1404 di
874 1371 1042 1406 Cicerone
1077 1372 1140 1414 <ad
1166 1372 1267 1404 Fam.
1307 1371 1385 1410 XV,
1412 1371 1465 1411 16,
1492 1371 1536 1413 1),
1562 1376 1674 1407 morto
1710 1373 1769 1406 nel

291 1415 437 1460 709s45;
462 1416 597 1455 scrisse,
625 1428 644 1450 a
673 1417 767 1450 detta
792 1417 826 1449 di
852 1416 1057 1456 Porfirione,
1085 1416 1249 1450 scoliaste
1274 1415 1307 1448 di
1333 1416 1457 1450 Orazio
1482 1417 1571 1458 (Sat.
1598 1416 1640 1457 11,
1665 1416 1698 1458 4,
1725 1417 1771 1460 1),

292 1466 432 1504 quattro
457 1461 537 1494 libri
562 1462 606 1495 de
632 1461 770 1495 Rerum
796 1468 935 1495 natura
959 1468 992 1496 et
1017 1463 1061 1496 de
1084 1473 1227 1496 summo
1253 1462 1354 1495 bono.
1379 1480 1422 1486 —
1474 1462 1559 1496 125.
1586 1462 1772 1501 Senecam,

293 1506 333 1538 L.
359 1508 534 1540 Annaeus
558 1507 693 1540 Seneca
717 1507 771 1550 (L.
786 1508 910 1541 Anneo
936 1507 1093 1550 Seneca),
1106 1506 1204 1550 figlio
1229 1506 1262 1539 di
1290 1508 1413 1540 Anneo
1440 1506 1584 1546 Seneca,
1599 1507 1624 1540 il
1642 1512 1772 1548 retore,

292 1555 374 1585 nato
391 1562 411 1584 a
428 1551 587 1585 Corduba
613 1551 648 1585 in
667 1551 815 1596 Ispagna
842 1563 940 1586 verso
958 1552 981 1585 il
1007 1551 1123 1595 750s4.
1151 1552 1201 1585 Fu
1220 1556 1369 1586 maesti-0
1387 1551 1421 1584 di
1442 1551 1593 1592 Nerone,
1610 1553 1676 1587 che
1693 1552 1766 1586 alla

291 1601 450 1641 scoperta
467 1596 557 1630 della
575 1597 744 1641 congiura
770 1597 803 1630 di
829 1597 955 1631 Pisone
981 1597 1038 1639 (65
1055 1597 1086 1630 d.
1101 1597 1173 1638 Cr.)
1195 1596 1244 1641 gli
1264 1597 1390 1630 mando
1410 1596 1532 1630 ordine
1556 1597 1591 1630 di
1616 1597 1763 1632 morire:

291 1652 310 1674 e
335 1643 466 1675 Seneca
501 1642 531 1675 si
556 1642 654 1676 diede
690 1642 984 1686 dignitosamente
1016 1642 1048 1675 la
1074 1646 1194 1676 morte.
1232 1642 1389 1686 Seguace
1420 1641 1455 1675 in
1488 1641 1637 1676 filosofia
1677 1642 1769 1676 della

297 1687 416 1721 scuola
443 1687 563 1722 stoica.
588 1687 713 1721 scrisse
739 1687 845 1721 molte
869 1698 983 1732 opere,
1009 1686 1074 1721 che
1099 1687 1132 1720 di
1152 1691 1272 1731 questa
1298 1686 1540 1731 rispecchiano
1557 1687 1774 1721 variamente

292 1732 304 1765 i
337 1731 523 1776 principii:
550 1732 791 1776 Dialoyorum
818 1733 904 1767 libri
931 1732 1018 1770 XII,
1043 1733 1087 1766 de
1114 1732 1328 1771 Clementia,
1354 1732 1398 1765 de
1425 1731 1627 1776 Beneficiis,
1644 1732 1770 1766 Natu-

293 1777 433 1810 ralium
458 1779 712 1822 quaestionum
739 1777 825 1812 libri
853 1777 930 1821 VII,
960 1777 1049 1811 usati
1076 1777 1132 1811 nel
1159 1777 1272 1811 medio
1297 1788 1361 1811 evo
1386 1787 1483 1811 come
1509 1776 1598 1811 libro
1623 1777 1656 1811 di
1682 1781 1773 1812 testo

294 1833 355 1866 per
373 1822 406 1856 10
423 1822 537 1856 studio
555 1822 647 1856 della
665 1823 774 1861 fisica,
797 1822 986 1867 Epistulae
1004 1823 1160 1857 morales
1185 1823 1234 1856 ad
1251 1821 1450 1856 [lucilium.
1471 1821 1642 1867 Compose
1659 1822 1773 1857 anche

295 1879 363 1900 una
388 1867 496 1901 satira
522 1868 707 1912 menippea
739 1873 861 1902 contro
898 1867 919 1901 Γ
934 1868 1144 1912 imperatore
1168 1867 1326 1906 Claudio,
1353 1868 1727 1910 Ἀποκολοκύντωσις,
1750 1879 1769 1902 e

294 1923 382 1946 nove
407 1912 575 1956 tragedie,
590 1924 658 1947 non
685 1913 753 1946 mni
780 1918 1054 1958 rapprcsentate,
1071 1912 1137 1946 che
1156 1913 1373 1958 possediamo
1398 1923 1463 1946 con
1488 1911 1539 1956 gli
1557 1912 1639 1946 altri
1656 1912 1770 1947 scritti

293 1958 421 2002 quassu
447 1958 624 1992 ricordati.
652 1979 693 1983 —
718 1960 756 1992 in
782 1960 882 1992 omni
903 1969 1036 2002 (yenere
1060 1960 1299 2003 eloquentiae,
1325 1957 1460 1992 intendi
1484 1957 1631 2002 (perche
1655 1957 1769 1999 Quin-

295 2003 419 2037 tiliano
455 2014 524 2037 non
559 2004 587 2036 si
625 2003 644 2037 e
668 2015 826 2049 espresso
863 2005 976 2045 bene),
1013 2004 1047 2036 in
1079 2008 1200 2048 questa
1237 2013 1405 2047 rassegna
1429 2001 1463 2035 di
1490 2003 1571 2036 tutti
1603 2003 1613 2036 i
1650 2003 1772 2047 generi

295 2048 514 2092 {letterarii],
539 2049 604 2083 che
630 2049 747 2083 hanno
774 2048 946 2083 relnzione
970 2060 1034 2083 con
1063 2049 1287 2093 l’cloqnenza.
1302 2067 1344 2074 —
1363 2048 1505 2091 distuli,
1528 2054 1537 2066 ⁴
1553 2047 1597 2082 ho
1621 2048 1774 2083 differ-ito

294 2093 327 2126 ‹li
355 2093 492 2138 parlare
518 2093 620 2134 di...';
645 2095 707 2128 cfr.
733 2094 765 2134 6,
790 2095 820 2127 3.
838 2114 878 2119 -
894 2094 1002 2139 falso.
1031 2095 1193 2137 rigum-«ln
1221 2093 1539 2138 l'interpretazione
1563 2093 1630 2127 che
1654 2093 1773 2127 alcuni

295 2140 430 2173 ‹lavano
466 2138 521 2172 del
560 2150 622 2173 suo
658 2139 811 2183 giudizio
848 2139 1026 2173 letterario
1064 2142 1201 2173 intorno
1239 2151 1258 2172 a
1295 2138 1450 2173 Seneca:
1488 2138 1543 2173 del
1581 2142 1673 2172 resto
1708 2138 1775 2173 che

294 2189 416 2227 ques-to
433 2183 585 2227 gindizio
604 2184 694 2218 fosse
720 2185 827 2218 molto
855 2190 921 2218 tem
951 2189 1046 2218 erato
1072 2185 1286 2218 dimostrano
1312 2183 1420 2228 quelli
1448 2183 1519 2216 dati
1546 2184 1604 2228 piu
1623 2183 1711 2217 tardi
1731 2183 1773 2217 da

299 2230 471 2263 Frontone
497 2232 541 2273 (p.
564 2229 626 2263 155
650 2240 740 2273 sgg.)
766 2241 784 2263 c
809 2230 851 2263 da
879 2232 931 2264 Au
950 2240 969 2263 o
995 2229 1214 2270 Gellioffill,
1230 2230 1261 2263 2.
1282 2229 1412 2273 lsgg.),
1439 2228 1447 2261 i
1474 2228 1570 2273 quali
1595 2231 1678 2274 pero
1704 2240 1777 2274 pos-

294 2285 379 2307 sono
397 2275 574 2308 sembi-are
592 2275 888 2309 eccessivamento
912 2276 1035 2309 severi.
1052 2296 1084 2299 -—
1106 2287 1183 2307 sum
1201 2275 1373 2313 creditus,
1391 2274 1455 2309 cfr.
1470 2276 1492 2315 ἓ
1508 2274 1569 2307 48ε
1593 2274 1774 2308 creditum

295 2326 354 2353 est.
370 2321 648 2363 —fractum=
666 2320 928 2364 depravatum:
954 2331 984 2352 v.
1011 2326 1031 2358 ,ξ
1065 2320 1138 2352 1ἰ111τ
1167 2332 1294 2353 rerum
1313 2320 1480 2364 pondera
1498 2320 1774 2364 ...freyisset.—

296 2365 443 2403 indicia,
466 2370 586 2409 ‘gusto
601 2365 619 2397 ⁹.
647 2385 686 2390 ——
714 2371 826 2398 tum...
842 2367 929 2409 fuit,
947 2371 1102 2409 appunto
1127 2371 1258 2399 cotesta
1284 2364 1479 2409 popolarita
1511 2363 1601 2398 delle
1619 2375 1723 2409 opere
1740 2364 1775 2398 di

296 2410 427 2444 Seneca
454 2411 564 2449 (solus
584 2410 655 2451 hic)
701 2415 802 2444 oteva
829 2412 882 2444 sar
911 2411 1050 2444 credere
1075 2411 1141 2444 0110
1172 2410 1194 2443 11
1225 2410 1378 2453 giudizio
1406 2410 1440 2443 ‹li
1469 2409 1688 2452 Quintiliano
1707 2420 1774 2444 non

296 2455 386 2489 fosse
412 2467 517 2500 equo:
543 2455 654 2490 slonde
693 2468 712 2489 a
737 2467 798 2488 sna
825 2456 924 2500 qnasi
940 2456 1117 2500 ρει-11111113
1143 2456 1176 2488 «11
1202 2453 1254 2489 dir
1280 2455 1313 2488 la
1330 2455 1439 2489 verita
1459 2455 1596 2489 intorno
1611 2466 1630 2488 a
1646 2466 1692 2488 un
1718 2466 1775 2489 au-

296 2505 369 2533 tore
394 2501 462 2534 cosi
492 2502 555 2533 bon
582 2505 728 2535 accetto.
754 2501 1110 2535 -adulescentinnn
1125 2512 1143 2534 c
1163 2511 1261 2535 coine
1275 2500 1336 2534 tali
1353 2500 1410 2546 pio
1432 2500 1584 2534 fat-iliad
1599 2511 1714 2534 essere
1729 2500 1777 2534 in-

296 2545 470 2579 fluenzati.
497 2566 538 2571 —
564 2547 648 2580 126.
675 2553 855 2582 eaecutere,
880 2545 974 2579 dalle
999 2547 1093 2580 niani
1120 2546 1173 2580 dei
1200 2545 1613 2589 giovani.-1'lle,comc
1639 2545 1776 2580 ricordn

296 2593 337 2625 A.
364 2591 477 2625 Gellio
502 2592 537 2629 (l.
563 2603 594 2625 c.
613 2596 659 2633 ες·
677 2591 789 2632 3-10).
816 2594 948 2626 Seneca
977 2591 1030 2626 nol
1059 2592 1146 2625 libro
1174 2591 1289 2630 xxll,
1319 2602 1380 2626 orn
1397 2591 1555 2637 perduto,
1579 2590 1671 2626 delle
1697 2590 1777 2637 Epi·

1795 293 1820 322 Ὀ

1625 10 1630 17 ⁴
1682 0 1689 6 ⁷·
1701 0 1776 14 ,vg-⁸
1790 0 1828 12 ³>-

1660 15 1695 33 >.‘,
1728 14 1766 32 ’.Ρ
1815 18 1851 37 5)

1863 68 1870 81 ι

1663 110 1678 118 O
1875 119 1878 122 .

1883 173 1887 183 1

1884 223 1887 235 1
