1887 2901
671 141 802 168 CAPUT
831 141 857 167 1.
890 131 911 177 ξ
938 129 991 168 90
1513 128 1564 166 43

92 228 212 270 quam
243 216 358 269 poeta
389 214 543 264 melior,
574 214 606 255 si
639 217 787 264 tamen,
810 217 856 256 ut
877 216 937 256 est
957 215 1126 263 dictum,
1149 213 1197 254 ad
1219 213 1422 267 exemplar
1441 214 1561 267 primi

91 281 186 323 libri
206 281 367 322 Bellum
385 279 562 321 siculum
580 280 888 333 perscripsisset,
903 279 1128 320 vindicaret
1143 279 1218 319 sibi
1238 279 1278 319 iu
1287 291 1325 319 re
1343 278 1562 319 secundum

91 345 237 387 locum.
270 343 543 386 Serranum
576 344 846 385 consummari
880 356 986 385 mors
1016 344 1238 384 immatura
1256 356 1330 384 non
1353 355 1468 396 passa
1490 345 1563 392 est,

91 409 264 464 puerilia
294 411 429 450 tamen
460 409 548 450 eius
578 421 695 462 opera
727 411 768 450 et
804 409 1021 450 maximam
1060 407 1237 449 indolem
1275 407 1490 449 ostendunt
1523 408 1564 448 et

91 473 373 528 admirabilem
404 472 617 526 praecipue
649 474 688 514 in
721 475 852 515 aetate
883 472 958 513 illa
988 472 1086 513 recti
1118 472 1276 526 generis
1298 472 1560 513 voluntatem.

91 538 270 579 Multum
302 538 342 578 in
374 537 586 579 Valerio
625 537 811 579 Flacco
850 549 977 590 nuper
1008 537 1232 578 amisimus.
1266 536 1491 577 Vehemens
1521 536 1562 576 et
1586 542 1631 576 90

90 602 291 656 poeticum
329 602 538 656 ingenium
577 601 715 644 Salei
755 602 904 644 Bassi
946 601 1037 649 fuit,
1077 613 1146 642 nec
1186 601 1318 653 ipsum
1355 601 1561 641 senectute

91 666 304 708 maturuit.
336 666 577 708 Rabirius
609 680 653 708 ac
689 667 813 707 Pedo
838 679 911 707 non
936 666 1091 719 indigni
1116 665 1357 719 cognitione,
1379 665 1410 705 si
1436 667 1561 705 vacet.

91 782 279 827 l‘opinione
303 782 337 815 di
361 782 579 823 Quintiliano
610 788 730 816 contro
755 783 881 816 coloro.
907 794 967 827 per
993 783 1000 815 i
1027 782 1122 826 quali
1147 781 1309 815 Cornelio
1336 792 1403 815 non
1428 792 1488 815 era
1514 792 1559 814 un

91 832 202 871 poeta.
219 847 262 852 —
281 834 320 859 ut
337 834 388 860 esc
401 828 550 866 dictum,
577 839 643 861 non
666 828 845 872 sappiamo
862 827 904 861 da
922 827 997 864 cni;
1022 838 1124 860 senza
1142 827 1269 859 dubbio
1295 827 1322 859 si
1351 832 1500 859 trattava
1525 826 1559 859 di

90 883 167 906 cosa
194 878 285 906 nota.
312 874 399 916 App.
416 873 492 905 crit.
517 891 560 898 —
587 873 732 905 Bellum
751 873 920 912 siculum,
948 873 977 905 ln
997 883 1122 915 guerra
1146 871 1178 904 di
1207 874 1304 905 Sesto
1330 872 1481 915 Pompeo
1505 871 1559 904 del

89 916 403 961 716s38—718s3o.
433 937 474 942 —
507 919 785 961 perscripsissee‚
821 918 845 950 il
871 929 939 960 per
972 917 1086 950 indica
1122 917 1144 949 il
1170 917 1406 960 compimento
1435 915 1562 950 dell'a-

89 962 206 1001 zione;
230 965 313 1001 ‘(se)
329 973 449 996 avesse
475 962 661 996 terminato
679 963 712 995 di
730 962 882 997 scrivere
897 962 914 995 '.
939 982 974 986 —-
1000 962 1201 995 secundum
1227 962 1357 1000 locum,
1384 961 1449 994 fra'
1467 961 1559 1005 poeti

89 1006 180 1051 epici
204 1006 319 1046 latini,
343 1006 431 1051 dopo
457 1006 616 1051 Virgilio.
642 1026 684 1032 —
721 1007 924 1041 Serranum
949 1009 1138 1047 (Serrano),
1167 1011 1381 1040 annoverato
1406 1005 1448 1038 da
1474 1005 1561 1038 Gio-

91 1050 213 1085 venale
238 1051 313 1089 Vll,
337 1051 458 1091 80-81,
483 1052 546 1085 fra*
573 1053 665 1095 poeti
690 1052 795 1095 epici:
821 1059 860 1084 ac
883 1054 1045 1086 Serrano
1080 1053 1249 1095 tenuique
1274 1051 1392 1084 Saleio
1413 1051 1560 1094 lyloria

89 1096 316 1140 quantalibet
340 1097 430 1140 quid
454 1099 534 1139 erit,
558 1098 590 1129 si
617 1097 740 1137 ‚alorza
778 1102 920 1130 tantum
956 1096 1031 1129 est?
1070 1100 1158 1140 App.
1195 1096 1272 1129 crit.
1309 1115 1351 1121 -·
1389 1106 1561 1129 consum-

91 1142 197 1181 mari,
222 1151 290 1175 non
314 1141 384 1174 mai
412 1146 508 1175 usato
533 1141 576 1174 da
601 1141 768 1175 Cicerone
799 1142 818 1175 e
843 1142 1023 1186 frequente
1051 1141 1084 1173 in
1109 1140 1327 1181 Quintiliano
1359 1151 1378 1174 e
1404 1140 1459 1173 nei
1485 1140 1559 1173 suoi

88 1186 386 1230 contemporanei;
412 1186 470 1230 qui
501 1189 544 1219 ha
562 1185 587 1219 il
612 1197 714 1220 senso
731 1186 765 1219 di
790 1186 1059 1231 ‘perfezionarsi
1077 1186 1083 1193 '
1101 1185 1186 1228 (cosi
1212 1188 1234 1226 ἓ
1262 1185 1344 1223 122ς
1361 1185 1392 1222 2,
1416 1185 1460 1218 28
1485 1196 1503 1218 e
1527 1184 1560 1224 5,

91 1231 156 1274 14).
170 1250 212 1256 —
229 1231 400 1267 indolem,
425 1241 493 1264 non
510 1231 529 1264 e
548 1243 567 1263 «
584 1230 700 1264 indole
717 1244 748 1263 ».
766 1251 809 1256 —
833 1233 871 1264 in
889 1237 1006 1265 aelate
1026 1231 1102 1269 illa,
1121 1241 1188 1264 non
1209 1230 1275 1263 «in
1293 1229 1376 1274 quel
1396 1235 1511 1274 tempo
1530 1242 1561 1269 »,

88 1287 109 1309 o
135 1287 154 1308 α
170 1286 230 1320 per
255 1275 335 1320 quei
359 1275 515 1319 tempi»,
540 1286 559 1308 a
584 1276 640 1308 cui
665 1275 883 1316 Quintiliano
909 1287 976 1309 non
1002 1286 1155 1309 accenna
1186 1280 1479 1313 menomamente,
1506 1286 1561 1307 ma

89 1320 146 1353 ‘in
171 1331 218 1353 un
244 1331 345 1354 uomo
369 1320 403 1353 di
429 1320 498 1354 tale
522 1322 577 1353 eta
593 1320 611 1359 ',
637 1320 711 1354 cioe
736 1326 743 1338 ‘
759 1321 830 1355 cosi
848 1321 997 1365 giovane
1013 1320 1030 1353 '1
1056 1320 1083 1352 si
1112 1320 1241 1364 riporta
1267 1331 1285 1353 a
1314 1331 1410 1352 mors
1436 1322 1561 1352 imma-

89 1371 174 1398 tura
199 1369 230 1406 (e
254 1376 274 1398 a
296 1365 470 1407 puerilia.
495 1365 685 1408 ‘giovanili
701 1365 732 1403 ⁸).
760 1384 800 1391 —-
827 1367 916 1399 recti
941 1367 1095 1405 ameris,
1115 1376 1144 1397 v.
1165 1364 1206 1396 44
1233 1376 1263 1397 n¹
1284 1383 1325 1389 —-
1388 1365 1453 1398 90.
1490 1364 1518 1394 V
1542 1383 1559 1389 -

88 1410 179 1443 lerio
205 1409 254 1443 F..
280 1411 315 1444 C.
329 1409 494 1443 Valerius
520 1410 671 1443 Flaccus
695 1409 746 1451 (C.
767 1410 906 1444 Valerio
926 1410 1075 1451 Flacco),
1102 1409 1216 1442 fiorito
1239 1409 1385 1443 durante
1404 1409 1561 1453 l'inipero

87 1455 122 1487 di
147 1454 373 1498 Vespasiano,
405 1459 525 1488 autore
557 1454 589 1487 di
626 1466 670 1487 un
704 1466 827 1499 poema
860 1455 969 1500 epico,
1002 1456 1265 1496 ,li-(Jonaulicffi
1300 1455 1333 1486 in
1360 1455 1381 1487 8
1406 1453 1497 1492 libri,
1526 1454 1561 1487 in

88 1498 145 1532 cui
173 1499 271 1533 imito
295 1498 544 1544 specialniente
570 1500 756 1543 Apollonio
781 1500 893 1534 Rodio
922 1504 968 1540 (v.
994 1503 1016 1541 ἕ
1040 1499 1116 1541 54);
1155 1499 1282 1543 l‘opera
1313 1510 1380 1532 non
1407 1499 1425 1532 e
1450 1498 1561 1536 finita,

89 1543 320 1578 mancandovi
345 1554 472 1577 ancora
496 1544 563 1578 due
581 1544 671 1577 libri.
698 1544 787 1578 Mori
807 1555 906 1579 verso
924 1545 947 1578 il
973 1545 1018 1577 90
1034 1544 1065 1578 d.
1080 1544 1136 1578 Cr.
1162 1563 1204 1569 —
1228 1554 1357 1586 nuper,
1376 1543 1409 1576 la
1427 1554 1560 1588 compo-

87 1589 217 1623 sizione
241 1588 333 1623 della
359 1588 542 1622 Institutio
567 1592 729 1623 oratoria
753 1590 837 1624 cade
865 1591 915 1623 fra
942 1589 966 1622 il
991 1589 1035 1623 90
1060 1600 1078 1623 e
1103 1588 1127 1622 il
1153 1588 1206 1627 05,
1233 1589 1287 1623 nel
1314 1589 1416 1632 quale
1439 1588 1561 1623 ultimo

87 1644 181 1668 anno
205 1635 330 1668 furono
355 1634 547 1678 pubblicati
574 1634 652 1667 tutti
680 1634 689 1667 i
715 1634 828 1668 dodici
854 1634 943 1668 libri.
970 1654 1011 1659 —
1037 1634 1238 1669 vehemens,
1263 1633 1501 1677 ‘gagliardo'.
1524 1653 1560 1658 -—

89 1679 188 1713 Salei
215 1679 269 1718 B„
294 1678 438 1712 Saleius
457 1679 592 1712 Bassus
613 1679 743 1721 (Saleio
761 1679 894 1723 Basso),
926 1679 1058 1713 dacche
1081 1679 1299 1719 Quintiliano
1329 1690 1347 1712 e
1372 1678 1562 1713 Giovenale

88 1723 125 1766 (l.
143 1725 190 1766 c.)
214 1723 248 1758 lo
273 1734 496 1757 annoverano
518 1723 583 1757 fra'
598 1724 689 1768 poeti
708 1724 809 1767 epici,
834 1725 852 1758 ὲ
877 1725 919 1758 da
945 1734 1111 1768 supporre
1136 1723 1201 1757 che
1219 1723 1288 1757 tale
1306 1723 1356 1756 sia
1374 1729 1478 1759 stato:
1506 1735 1562 1757 ma

89 1768 197 1802 niuno
221 1769 255 1802 fa
270 1768 450 1802 menzione
474 1769 507 1801 di
526 1768 651 1802 alcuna
674 1769 764 1802 ‹lelle
789 1780 849 1803 sue
873 1780 995 1813 opere;
1020 1773 1141 1812 questo
1166 1768 1358 1802 solamente
1382 1769 1562 1812 sappiamo

89 1812 156 1847 che
180 1813 217 1846 fu
242 1813 298 1847 del
323 1818 438 1858 tempo
456 1813 489 1846 di
509 1813 723 1858 Vespasiano
748 1825 766 1847 e
791 1813 857 1847 che
875 1814 931 1848 nel
957 1814 1129 1858 dialoyus
1146 1813 1190 1846 de
1213 1811 1311 1846 Orat.
1337 1813 1355 1846 e
1380 1813 1562 1857 designato

88 1868 188 1892 come
212 1863 312 1902 poeta
329 1858 573 1892 absolutissimi
588 1870 634 1892 us
659 1858 707 1901 (5)
724 1869 742 1892 e
767 1861 890 1902 eyreyi
902 1870 950 1892 us
973 1865 1086 1902 poeta
1111 1858 1167 1892 vel
1182 1859 1495 1901 ...praeclarissimi
1510 1870 1562 1892 us

89 1909 204 1936 vates
227 1902 287 1946 (9).
313 1901 418 1936 Nulla
437 1903 493 1946 piu
522 1903 654 1937 rimane
679 1903 713 1936 di
738 1903 798 1937 lui.
824 1923 866 1929 —
892 1909 1073 1937 senectute
1096 1905 1289 1941 maturuit,
1316 1905 1405 1948 App.
1423 1903 1499 1937 crit.
1519 1923 1560 1928 —

90 1947 276 1984 Rabirius,
306 1948 411 1980 Caius
429 1948 479 1990 (C.
497 1947 667 1991 Rabirio),
685 1953 977 1992 contemporaneo
1002 1948 1034 1981 di
1061 1947 1185 1982 Ovidio
1209 1948 1274 1982 che
1300 1948 1333 1982 lo
1361 1948 1495 1982 ricorda
1514 1959 1560 1981 ex

90 1991 207 2026 Ponto
232 1991 291 2032 lv,
318 1992 368 2029 16,
393 1992 429 2025 5:
462 1995 589 2037 mayni
656 1993 829 2026 Rabirius
857 1995 941 2027 oris.
975 1992 1110 2027 Velleio
1146 1992 1329 2027 Patercolo
1364 1993 1421 2036 (11,
1449 1993 1502 2027 36.
1527 1993 1561 2036 3)

89 2036 123 2071 lo
147 2037 281 2071 associa
305 2048 325 2070 a
350 2036 512 2080 Virgilio.
538 2038 586 2071 Fu
608 2043 706 2082 poeta
732 2038 840 2082 epico,
867 2050 884 2072 e
909 2039 1034 2072 scrisse
1061 2050 1105 2071 un
1132 2048 1254 2082 poema
1279 2038 1314 2071 in
1333 2038 1388 2071 cui
1406 2040 1509 2072 canto
1528 2038 1560 2071 la

90 2081 262 2125 battaglia
288 2081 426 2121 d'Azio;
463 2094 504 2116 ne
530 2083 566 2115 fu
593 2087 727 2116 trovato
760 2094 806 2116 un
831 2084 1040 2117 frammento
1075 2082 1226 2125 (almeno
1250 2083 1279 2116 si
1305 2083 1406 2117 crede
1430 2083 1494 2116 che
1527 2083 1560 2116 vi

88 2131 347 2171 appar-tenesse)
365 2132 416 2160 tra
436 2127 443 2159 i
471 2127 583 2171 papiri
609 2127 880 2162 d'Ercolano.—
907 2129 1016 2162 Pedo.
1037 2129 1072 2162 C.
1088 2127 1339 2162 Albinovanus
1356 2129 1407 2171 (C.
1422 2128 1560 2162 Pedone

90 2171 336 2214 Albinovano),
362 2177 652 2216 contemporaneo
677 2184 695 2205 e
721 2174 834 2206 amico
851 2173 884 2206 di
909 2173 1045 2211 Ovidio,
1065 2173 1130 2206 che
1152 2174 1185 2207 lo
1204 2173 1355 2214 chiama,
1380 2184 1425 2206 ex
1445 2173 1561 2207 Ponto

90 2215 149 2256 lv,
176 2216 228 2259 16,
251 2216 285 2257 6,
309 2217 491 2255 sidereus,-
524 2217 656 2251 Seneca
681 2217 705 2250 il
730 2217 867 2251 filosofo
891 2217 925 2252 lo
950 2218 1026 2252 dice
1057 2219 1246 2261 fabulator
1269 2219 1561 2261 eleqantissimus

87 2261 170 2307 (Ep.
198 2261 272 2300 122,
299 2261 363 2301 15).
402 2262 534 2295 Sci-isse
559 2273 603 2295 un
631 2273 763 2306 poema,
796 2263 935 2296 Theseis
960 2263 1147 2304 (Teseide),
1176 2275 1194 2295 e
1221 2263 1408 2307 un'epopea
1434 2263 1560 2297 storica

89 2307 226 2340 intorno
258 2306 327 2339 alla
354 2306 550 2350 spedizione
575 2307 607 2339 di
643 2307 850 2341 Germanico
880 2307 1005 2341 dell‘a.
1033 2307 1074 2341 16
1098 2308 1129 2340 d.
1155 2308 1234 2342 Cr.:
1272 2319 1316 2341 un
1353 2308 1561 2342 framnicnto

88 2351 145 2384 123
171 2351 274 2392 versi)
299 2351 332 2384 di
359 2356 489 2385 cotesto
515 2351 635 2385 lavoro
667 2352 685 2386 e
710 2363 827 2397 presso
852 2353 984 2386 Seneca
1010 2352 1034 2385 il
1059 2357 1172 2387 retore
1196 2354 1315 2395 (Suas.
1341 2352 1365 2391 1,
1392 2353 1513 2395 14).-
1530 2354 1562 2387 si

89 2402 201 2435 vacet,
223 2396 367 2440 qualora
400 2396 559 2438 rimanga
587 2402 702 2441 tempo
725 2397 766 2430 da
792 2399 972 2442 occuparsi
998 2397 1031 2430 di
1058 2399 1140 2432 essi:
1178 2409 1207 2430 v.
1233 2402 1254 2435 ,ξ
1279 2398 1322 2430 5⁵³
1348 2409 1380 2430 n.
1407 2417 1448 2423 —
1484 2398 1559 2430 Lu-

87 2451 214 2477 canus.
241 2441 288 2473 Μ’,
316 2442 491 2474 Annaeus
516 2441 577 2477 (M,
604 2442 727 2476 Anneo
753 2441 918 2482 Lucano),
943 2443 1137 2487 spagnuolo
1168 2443 1201 2475 di
1227 2442 1403 2481 Corduba,
1429 2443 1560 2477 vissuto

88 2485 144 2519 dal
169 2485 213 2520 :39
237 2485 270 2519 al
294 2485 340 2519 65
363 2486 394 2518 (1Δ
413 2485 479 2524 Cr.,
506 2486 562 2530 gia
588 2487 701 2519 amico
726 2486 760 2520 di
785 2487 934 2526 Nerone,
960 2487 1024 2521 che
1051 2488 1105 2532 poi
1132 2487 1164 2521 lo
1181 2487 1363 2521 condanno
1388 2499 1406 2520 a
1434 2492 1559 2525 mortez

87 2535 209 2564 autore
233 2530 287 2564 del
306 2541 429 2575 poema
446 2530 556 2575 epico,
581 2531 617 2564 in
635 2531 722 2565 dieci
741 2531 846 2572 canti,
872 2543 939 2566 non
958 2533 1145 2577 compium,
1166 2532 1379 2569 Pharsalia,
1397 2538 1560 2567 racconto

87 2573 180 2609 della
204 2585 331 2618 guerra
357 2575 461 2609 civile
487 2576 537 2608 frn
556 2575 682 2610 Cesare
707 2587 725 2610 e
743 2576 906 2622 Pompeo.
933 2577 1065 2611 Sci-isse
1089 2577 1213 2615 anche,
1238 2589 1257 2610 a
1284 2581 1399 2611 tacere
1419 2577 1451 2609 di
1472 2577 1560 2611 altre

87 2631 190 2666 opere
214 2621 353 2662 minori,
372 2621 562 2655 Silvarum
582 2621 619 2654 X
632 2622 775 2668 [libros]
801 2633 820 2656 e
847 2634 913 2656 una
932 2622 1101 2666 tragedia,
1129 2623 1266 2656 Medea.
1285 2622 1351 2656 che
1378 2633 1443 2655 non
1462 2622 1561 2667 giun-
