1887 2901
466 0 715 43 ,ΨἮὟΨ
752 0 875 25 ³*
1255 6 1296 21 w

659 151 792 178 αΑΡῐττ·
820 150 847 177 1.
880 141 900 184 ‚S
929 139 1082 177 41—44
1560 111 1609 177 19

132 227 217 270 Nee
245 227 377 269 multo
405 223 517 266 aliud
545 223 593 265 de
614 226 726 266 novis
747 225 888 266 sentio.
920 225 1077 277 Quotus
1097 225 1203 265 enim
1237 223 1408 277 quisque
1433 223 1605 265 inveniri

131 297 216 335 tam
247 294 410 334 demens
430 294 574 344 potest,
599 290 666 342 qui
687 303 734 331 ne
756 290 925 330 minima
944 289 1108 342 quidem
1131 289 1306 330 alieuius
1332 291 1437 330 certe
1460 288 1608 328 fiducia

131 357 259 412 partis
287 355 525 398 memoriam
554 354 804 408 posteritatis
835 354 1081 407 speraverit}>
1113 352 1191 403 Qui
1218 354 1249 394 si
1284 353 1376 406 quis
1405 354 1478 401 est,
1500 353 1608 393 intra

130 421 282 476 primos
311 419 450 461 statim
474 431 610 460 versus
631 418 952 471 deprehendetur
971 420 1009 459 et
1030 418 1153 459 eitius
1174 430 1244 459 nos
1267 417 1461 465 dimittet,
1484 429 1606 469 quam

132 486 180 528 ut
207 485 294 527 eius
316 484 430 525 nobis
452 495 597 537 magno
619 483 812 536 temporis
828 483 1070 524 detrimento
1090 484 1242 523 constet
1275 482 1605 535 experimentum.

131 548 208 591 Sed
238 561 314 590 non
347 547 547 602 quidquid
579 547 627 588 ad
674 547 855 600 aliquam
894 548 1048 601 partem
1081 546 1272 587 scientiae
1303 546 1491 599 pertinet,
1523 557 1605 598 pro-

131 613 242 655 tinus
271 613 320 654 ad
352 611 576 653 faciendam
610 613 788 662 φράσιν,
809 611 857 652 de
881 623 959 665 qua
990 611 1211 663 loquimur,
1244 609 1603 651 accommodatum.

184 677 337 719 Verum
369 680 586 730 antequam
619 676 666 718 de
698 676 872 730 singulis
892 676 1048 728 loquar,
1071 687 1197 729 pauca
1229 675 1269 715 in
1302 676 1533 715 universum
1558 673 1605 715 de

130 742 326 783 varietate
355 741 589 795 opinionum
621 740 789 782 dicenda
833 743 939 781 sunt.
986 739 1092 781 Nam
1123 739 1289 792 quidam
1320 739 1423 780 solos
1454 740 1605 780 veteres

129 805 318 860 legendos
348 808 495 859 putant
516 818 644 858 neque
666 805 706 845 in
729 804 828 846 ullis
851 804 943 845 aliis
964 817 1047 845 esse
1080 804 1307 845 naturalem
1331 803 1604 856 eloquentiam

129 871 171 912 et
199 870 320 911 robur
351 870 448 910 viris
492 869 660 923 dignum
708 869 972 916 arbitrantur,
1003 868 1104 909 alios
1143 881 1278 909 reeens
1310 869 1406 909 haee
1437 868 1605 909 lascivia

129 933 379 986 deliciaeque
400 936 441 975 et
461 934 595 974 omnia
617 934 666 974 ad
689 933 939 986 voluptatem
972 933 1252 974 multitudinis
1268 933 1481 985 imperitae
1503 944 1604 973 com-

129 998 260 1052 posita
289 997 503 1039 delectant.
529 998 708 1051 Ipsorum
733 998 870 1047 etiam,
892 998 961 1050 qui
984 998 1139 1038 rectum
1163 997 1320 1038 dicendi
1343 1009 1470 1051 genus
1491 996 1601 1049 sequi

132 1063 284 1113 volunt,
315 1063 385 1104 alii
418 1075 552 1116 pressa
583 1062 747 1104 demum
778 1064 818 1103 et
848 1062 988 1103 tenuia
1018 1065 1058 1103 et
1088 1075 1190 1115 quae
1212 1062 1430 1102 minimum
1456 1062 1505 1103 ab
1528 1074 1604 1102 usu

131 1199 230 1226 runt.
255 1211 299 1218 —
367 1193 424 1227 41.
451 1192 566 1225 multo
591 1192 708 1230 aliud,
732 1191 803 1225 cosi
830 1195 852 1233 g
877 1191 940 1224 53:
967 1198 1102 1235 quanto
1123 1192 1253 1227 aliud,-
1282 1192 1394 1225 multo
1421 1203 1439 1225 e
1464 1198 1602 1236 qua-nto

131 1237 278 1271 ablativi
296 1237 329 1270 di
357 1237 488 1270 iuisura
512 1248 578 1271 con
603 1236 719 1274 aliud,
744 1238 809 1270 che
835 1237 878 1269 ha
907 1237 1023 1270 valore
1048 1237 1082 1268 di
1108 1237 1356 1280 comparativo.
1385 1257 1425 1261 —
1443 1238 1604 1270 alicuius

128 1285 259 1327 partis,
276 1281 368 1315 delle
391 1293 452 1316 sue
476 1292 590 1326 opere,
607 1281 661 1315 dci
680 1281 754 1314 suoi
780 1281 903 1314 scritti.
930 1301 972 1306 —
997 1288 1102 1320 certe,
1131 1282 1167 1314 in
1198 1292 1299 1315 senso
1332 1282 1535 1315 restrittivo.
1561 1301 1604 1307 —

128 1329 362 1372 posteritatis,
387 1337 484 1360 come
514 1327 549 1360 in
577 1326 722 1359 italiano
749 1326 919 1360 l'astratto
945 1337 1006 1369 per
1030 1326 1053 1358 il
1079 1331 1264 1364 concreto:
1290 1327 1352 1360 cfr.
1378 1329 1399 1368 ἓ
1418 1326 1471 1359 31.
1490 1346 1532 1352 -
1550 1328 1604 1359 (Ie-

129 1372 390 1416 prehendam,
414 1371 489 1405 cine
514 1371 542 1404 si
568 1371 673 1404 νεὼ-ὲ
688 1371 831 1414 (subito)
856 1372 921 1404 che
939 1382 1007 1404 non
1024 1382 1124 1404 serve
1141 1382 1161 1404 a
1180 1371 1289 1404 nulla.
1303 1391 1345 1397 —
1360 1382 1424 1404 nos
1437 1372 1603 1409 dimittet,

130 1427 253 1451 senso:
278 1416 311 1450 lo
336 1421 540 1450 menet-emo
567 1417 632 1449 via.
658 1435 701 1441 —
725 1418 813 1450 eius.
838 1416 995 1460 genitivo
1020 1416 1200 1459 oggettivo
1217 1426 1281 1449 eon
1300 1418 1604 1459 experimentum.

130 1481 175 1488 —-
244 1462 309 1496 42.
332 1463 513 1505 protinus,
538 1473 568 1495 v.
595 1464 617 1502 g
641 1460 662 1493 3
687 1472 720 1493 n.
746 1480 788 1486 ——
813 1462 861 1494 ad
883 1461 1093 1504 faciendam
1117 1463 1263 1503 φράσιν,
1290 1463 1379 1505 App.
1405 1461 1537 1494 critica.
1567 1482 1602 1484 —-

134 1506 596 1550 φράσινεείοοατίοηειη,
632 1505 695 1539 cfr.
721 1508 742 1546 ἓ
767 1507 786 1537 4
813 1517 844 1538 n.
871 1517 890 1538 a
917 1507 1024 1539 verba
1097 1506 1265 1549 eligsetzdz'.
1303 1525 1345 1531 —
1381 1506 1426 1539 de
1460 1518 1533 1550 qua
1559 1506 1606 1540 lo·

133 1552 297 1596 quimur,
322 1562 341 1584 e
364 1551 516 1584 soltanto
541 1551 575 1584 di
600 1561 686 1584 essa.
705 1550 738 1583 di
756 1551 811 1584 cui
830 1550 1047 1591 Quintiliano
1073 1555 1179 1583 tratta
1205 1553 1354 1585 tenendo
1378 1555 1481 1585 conto
1498 1550 1605 1585 esclu-

131 1597 328 1630 sivaruente
351 1595 443 1630 dello
467 1596 546 1630 stile
571 1597 733 1629 oratorio.
769 1615 811 1620 —
848 1596 892 1629 de
923 1596 1089 1639 smyzrlis.
1115 1597 1325 1629 auctoribus
1349 1596 1438 1638 (cioe
1462 1598 1607 1640 scripto-

131 1642 258 1682 ribus).
284 1642 374 1685 App.
399 1641 475 1674 crit.

177 1687 242 1720 43.
267 1687 432 1730 quidam,
456 1685 573 1719 coloro
597 1685 663 1718 che
687 1685 915 1725 Quintiliano,
943 1684 985 1724 ll,
1010 1684 1041 1718 5.
1065 1685 1119 1723 2¹,
1144 1685 1283 1718 chiama
1301 1687 1532 1729 antiquitatis
1555 1687 1606 1718 ni·

130 1733 211 1764 mii
233 1732 503 1770 admiratores,
529 1730 538 1762 i
564 1730 659 1774 quali
686 1740 930 1774 proponevano
957 1730 989 1762 ai
1016 1730 1174 1763 fanciulli
1207 1730 1238 1763 la
1266 1731 1391 1764 lettura
1431 1730 1607 1765 Graccho-

129 1787 216 1809 rum
243 1776 458 1820 Catonisque
496 1781 530 1808 et
564 1775 726 1808 aliorum
762 1776 951 1812 similium,
977 1775 1019 1807 da
1057 1775 1104 1807 lui
1137 1776 1280 1808 e1eduta
1318 1775 1451 1809 nociva.
1478 1795 1521 1801 -
1545 1788 1607 1809 na-

131 1820 306 1855 turalem.
331 1831 398 1853 non
426 1819 617 1853 «naturale
631 1832 661 1851 »ι
690 1839 728 1842 —
757 1822 845 1853 viris
868 1820 1035 1861 ilianum,
1062 1828 1069 1837 ⁵
1085 1819 1272 1853 masehio'.
1299 1840 1342 1844 —
1373 1821 1474 1859 alios,
1492 1821 1605 1855 anche

130 1865 357 1909 all'opinione
381 1864 414 1897 di
440 1870 586 1905 costoro,
613 1875 672 1907 per·
696 1864 751 1896 cio
775 1865 841 1897 che
868 1864 1028 1907 riguarda
1055 1865 1086 1897 le
1113 1864 1238 1898 letture
1262 1865 1317 1898 dei
1338 1867 1462 1908 pueri,
1485 1867 1504 1899 e
1528 1877 1604 1900 con·

131 1911 239 1944 tran-io
263 1909 491 1950 Quintiliano.
518 1909 540 1941 1.
565 1920 593 1942 c..
620 1912 642 1948 ,ξ
665 1909 704 1940 21
724 1912 784 1949 (ne
809 1916 960 1942 recentis
996 1909 1105 1942 lanius
1131 1909 1303 1943 lasciviae
1324 1911 1486 1954 flosculis
1510 1913 1607 1954 capti

132 1955 319 1998 voluptate
339 1965 459 1998 prava
485 1955 745 1994 delem'antur).
772 1954 979 1987 -lascit-ia
1003 1954 1238 1998 deliciaeque.
1261 1954 1307 1987 ‘il
1334 1955 1408 1989 sare
1438 1955 1563 1990 lezioso
1587 1966 1606 1989 e

131 1999 332 2033 snervato'.
357 2018 399 2024 —
423 1999 482 2037 ad,
507 1998 622 2031 finale.
652 2019 688 2022 —
737 1999 799 2032 44.
828 2005 963 2032 rectum
1004 1999 1149 2032 dicendi
1181 2011 1310 2043 yench,
1334 2001 1484 2034 consiste
1512 2000 1606 2034 nella

131 2044 330 2090 semplicita
354 2054 373 2077 e
397 2043 617 2077 naturalezza
642 2042 733 2076 dello
757 2043 848 2077 stile.
873 2043 943 2077 Csr.
970 2043 1035 2078 lx.
1056 2045 1087 2083 3,
1112 2043 1154 2077 3:
1185 2045 1346 2088 simplici
1370 2053 1536 2090 rectoque
1561 2046 1606 2079 lo-

130 2090 269 2133 quendi
288 2099 440 2131 yenere3
464 2098 483 2122 e
509 2088 548 2122 11.
572 2088 604 2125 5,
633 2087 687 2119 11:
713 2099 830 2122 sermo
856 2095 976 2122 rectus
1012 2095 1045 2122 et
1069 2090 1270 2122 secundum
1296 2097 1470 2124 natm-am
1495 2102 1606 2124 enun-

132 2135 254 2167 tiatus.
280 2133 345 2167 Nel
373 2139 511 2167 rectum
537 2133 682 2166 dicendi
712 2144 840 2176 penus.
866 2133 1009 2166 lontano
1044 2133 1116 2167 cosi
1152 2134 1245 2167 dalla
1278 2145 1430 2168 rossezza
1456 2136 1605 2173 areaica.

131 2189 229 2213 come
253 2179 310 2211 dal
335 2178 467 2211 cattivo
503 2183 605 2221 gusto
629 2177 684 2210 dei
722 2177 890 2214 moderni,
915 2178 1142 2219 Quintiliano.
1170 2178 1246 2214 Xll.
1275 2179 1326 2217 10,
1349 2180 1403 2215 58.
1428 2180 1605 2224 distingue

131 2228 184 2257 tre
209 2223 363 2257 var-ieta:
390 2223 414 2256 il
435 2233 554 2266 yenus
577 2223 752 2256 subtile
775 2223 869 2265 (stile
894 2223 1085 2267 semplice),
1109 2223 1134 2256 il
1155 2235 1273 2267 yenus
1294 2226 1473 2267 yrande
1497 2232 1606 2270 atque

130 2269 366 2302 robustum
391 2267 484 2307 (stile
510 2267 672 2307 sublime)
696 2279 714 2301 e
739 2267 763 2301 il
785 2279 902 2311 yemis
925 2268 1137 2308 medium,
1172 2269 1284 2303 anche
1307 2271 1484 2313 floridum
1509 2270 1605 2313 (stile

129 2313 245 2347 medio
262 2324 282 2347 o
299 2317 516 2357 temperate).
542 2323 736 2356 —pressa.
762 2312 895 2346 intendi
922 2313 954 2346 lo
978 2313 1058 2346 stile
1083 2314 1197 2357 piano,
1223 2314 1288 2347 che
1313 2325 1391 2347 ania
1417 2326 1485 2348 una
1511 2315 1606 2349 loeu-

129 2357 228 2392 zione
260 2363 463 2402 spontanea,
489 2368 574 2400 pura
607 2368 625 2390 e
658 2362 851 2401 sopratutto
884 2358 1023 2402 rifugge
1055 2358 1149 2402 dagli
1184 2359 1400 2393 ornamenti:
1434 2371 1454 2393 a
1485 2361 1606 2394 dicere

127 2413 252 2447 presse
265 2403 293 2436 si
311 2407 560 2446 conti-appone,
578 2403 726 2436 secondo
743 2401 960 2443 Quintiliano
977 2401 1084 2440 (vm.
1097 2403 1210 2444 340),
1224 2405 1344 2438 dicere
1361 2405 1606 2439 abundanter.

129 2467 171 2473 —
196 2448 344 2482 demum
362 2448 628 2486 :dumtaxat‚
654 2454 806 2480 tantum.
828 2467 861 2472 —-
887 2450 1022 2490 tenuia,
1038 2448 1118 2481 stile
1143 2449 1324 2491 sernplice:
1346 2450 1606 2494 propriamente

127 2503 252 2536 pressa
278 2499 312 2526 et
337 2494 459 2525 tenuia
496 2498 530 2525 et
564 2502 658 2536 quae
695 2493 888 2525 minimum
956 2493 1136 2528 recedant.
1163 2499 1253 2526 tutto
1281 2493 1335 2527 cio
1372 2494 1530 2532 insieme,
1553 2495 1607 2529 de·

129 2537 231 2582 signa
257 2537 280 2570 il
302 2548 422 2581 yenus
446 2537 598 2574 subtile:
622 2547 682 2581 per
716 2535 868 2571 l'unione
894 2548 958 2571 con
980 2549 1108 2581 pressa
1127 2550 1156 2570 v.
1176 2538 1255 2576 ΧΠ,
1273 2538 1324 2576 10,
1348 2539 1414 2572 38:
1440 2542 1606 2573 tenuiora

129 2582 219 2617 haec
241 2593 284 2616 ac
304 2584 500 2626 pressiora.
526 2601 569 2606 —
587 2587 622 2614 et
644 2593 749 2626 qnae,
769 2583 857 2626 App.
875 2582 950 2615 crit.
980 2603 1012 2606 —
1028 2594 1122 2627 quae
1182 2584 1364 2621 recedant,
1381 2585 1444 2617 cfr.
1463 2585 1539 2620 Xll,
1554 2584 1606 2621 10.

129 2627 196 2661 40:
220 2628 375 2673 quidam
398 2627 544 2661 nullam
569 2637 644 2661 esse
667 2628 878 2661 naturalem
897 2633 1036 2671 putant
1059 2629 1316 2672 eloquentiam,
1340 2630 1414 2663 nisi
1443 2641 1538 2675 quae
1560 2633 1608 2664 sit

1632 233 1670 265 41

1631 548 1673 580 42

1630 742 1673 776 43

1630 1002 1670 1034 4⁴
