1887 2901
626 107 758 136 οΑΡυτ
787 107 845 135 111.
873 98 894 143 g
926 96 1081 134 17-19
1540 95 1591 132 83

111 195 269 237 εήιρθῐ·
314 183 507 237 putemus
555 183 754 236 optimum
805 195 890 224 esse
940 181 1043 235 quod
1086 181 1208 223 latet:
1254 180 1592 221 immutescamus

110 248 280 301 alioqui,
311 249 343 289 si
377 247 477 290 nihil
511 246 725 288 dicendum
761 246 958 295 videatur,
989 245 1065 286 nisi
1099 245 1205 299 quod
1242 259 1316 287 non
1350 246 1588 286 invenimus.

109 313 328 354 D'versum
363 312 426 352 est
455 311 552 352 huic
583 323 720 352 eorum
754 310 915 360 vitium,
937 311 1004 363 qui
1031 309 1161 363 primo
1191 309 1400 351 decurrere
1422 321 1491 362 per
1511 321 1589 349 ma-

107 375 258 418 teriam
303 375 400 416 stilo
444 387 567 428 quam
616 374 868 416 velocissimo
912 373 1065 421 volunt,
1096 374 1137 414 et
1175 375 1387 426 sequentes
1417 372 1589 414 calorem

108 450 232 493 a·que
261 440 461 493 impetum
494 452 539 480 ex
576 441 755 492 tempore
787 438 993 479 scribunt:
1026 438 1128 479 hanc
1161 438 1304 478 silvam
1337 439 1490 478 vocant.
1514 437 1590 477 Re-

107 506 254 558 petunt
281 503 426 545 deinde
457 505 497 544 et
527 504 774 556 componunt
803 515 906 555 quae
937 502 1196 548 effuderant:
1217 501 1283 543 sed
1315 501 1435 543 verba
1455 514 1590 542 emen-

107 568 256 609 dantur
283 568 325 608 et
355 567 527 615 numeri,
561 568 699 608 manet
730 567 769 607 in
804 566 923 607 rebus
954 567 1105 607 temere
1142 566 1345 620 congestis
1376 577 1478 618 quae
1510 564 1590 605 fuit

105 631 262 672 levitas.
294 631 487 672 Protinus
532 644 624 684 ergo
669 630 861 672 adhibere
910 643 1054 672 curam
1096 630 1246 671 rectius
1278 630 1355 671 erit·
1385 631 1507 682 atque
1537 629 1587 670 ab

106 695 226 737 initio
253 695 311 736 sic
340 708 440 748 opus
470 695 628 743 ducere,
660 697 706 736 ut
736 694 992 744 caelandum,
1026 708 1100 736 non
1135 708 1179 736 ex
1202 695 1359 749 integro
1392 694 1586 735 fabrican-

107 760 204 801 dum
235 760 299 802 sit.
333 760 566 813 Aliquando
598 762 732 801 tamen
766 760 950 801 adfectus
982 773 1214 813 sequemur,
1245 760 1285 800 in
1317 759 1466 812 quibus
1506 758 1586 800 fere

106 825 198 879 plus
228 825 336 866 calor
370 837 491 878 quam
525 824 741 878 diligentia
773 825 895 865 valet.

163 888 272 930 Satis
312 890 479 942 apparet
515 901 561 930 ex
591 902 649 937 ec,
692 889 797 941 quod
837 889 940 930 hanc
981 889 1244 930 scribentium
1286 888 1583 943 neglegentiam

106 953 268 1002 damno,
300 953 397 1006 quid
430 953 477 995 de
507 953 594 994 illis
629 953 809 994 dictandi
845 953 1004 994 deliciis
1038 953 1223 994 sentiam.
1270 953 1373 993 Nam
1415 953 1453 993 in
1491 952 1584 994 stilo

107 1018 278 1071 quidem*
307 1017 534 1071 quamlibet
575 1018 786 1071 properato
826 1017 897 1058 dat
925 1017 1107 1070 aliquam
1150 1017 1385 1072 cogitationi
1431 1029 1583 1058 moram

106 1095 184 1124 non
223 1095 468 1135 consequens
513 1082 763 1124 celeritatem
806 1082 893 1123 eius
929 1094 1092 1122 manus:
1135 1081 1219 1131 ille,
1261 1082 1324 1122 cui
1368 1081 1583 1132 dictamus,

106 1194 270 1224 nemente
293 1190 322 1223 si
347 1201 410 1224 usa
435 1189 552 1223 l'altro
577 1194 754 1234 composto
780 1191 1032 1224 obmutescere.
1055 1210 1097 1213 —
1121 1190 1272 1234 alioqui,
1298 1191 1316 1223 e
1342 1191 1523 1234 frequente
1547 1190 1584 1224 in

105 1234 325 1276 Quintiliano
348 1234 383 1268 in
410 1234 648 1279 proposizione
673 1235 887 1278 esprimente
913 1234 945 1268 la
970 1245 1211 1278 con-seguenza
1237 1234 1270 1267 di
1289 1246 1370 1268 cosa
1395 1236 1585 1269 enunciata

106 1282 142 1313 in
168 1281 258 1313 altra
283 1280 521 1324 proposizione
546 1279 804 1317 condizionale;
829 1280 892 1312 cfr.
926 1283 948 1321 ἓ
973 1280 1016 1313 30
1039 1283 1071 1321 (e
1102 1281 1127 1314 1.
1151 1279 1194 1311 64
1220 1285 1278 1320 η).
1304 1299 1346 1304 -
1397 1281 1450 1313 17.
1469 1281 1585 1314 diver-

107 1336 232 1358 εαηι...
258 1325 663 1358 linior-contrarium:
688 1324 858 1358 Cicerone
884 1335 944 1357 usa
970 1325 1030 1362 ab,
1052 1335 1107 1356 ma
1133 1323 1260 1357 Cesare
1280 1324 1322 1357 ha
1341 1325 1397 1368 gia
1418 1325 1440 1357 il
1466 1325 1584 1360 dativo

109 1369 168 1410 (Β.
193 1373 259 1403 civ.
286 1368 342 1408 111,
359 1368 413 1407 30,
431 1369 466 1409 2)
491 1379 508 1402 e
534 1369 605 1402 cosi
630 1369 754 1402 Orazio
779 1368 908 1411 (Epist.
929 1368 1079 1410 1‚18.2·›),
1103 1369 1269 1402 divenuto
1287 1369 1318 1401 di
1339 1380 1399 1402 uso
1425 1369 1583 1414 regolare

107 1414 201 1447 nella
227 1413 365 1447 latinita
391 1418 568 1457 argentea.
601 1434 637 1437 —
654 1414 747 1447 stilo.
777 1415 836 1457 qui
864 1413 935 1447 desi
966 1424 1009 1447 na
1035 1413 1291 1457 propriamente
1316 1413 1349 1447 lo
1378 1419 1584 1454 strumento,

107 1463 292 1502 γραφεῖον.
312 1478 354 1484 -
378 1459 537 1492 calorem
563 1465 673 1502 atque
698 1461 883 1501 impetum,
903 1458 944 1492 de
962 1457 983 1490 l'
999 1457 1224 1502 ispirazione:
1253 1458 1272 1492 ὁ
1296 1458 1445 1492 endiadi.
1472 1481 1511 1485 —
1538 1471 1584 1493 ex

110 1510 281 1548 tempore,
310 1514 328 1537 e
353 1503 474 1547 quindi
499 1514 600 1536 senza
629 1504 808 1536 meditare.
833 1523 876 1527 -
899 1503 1044 1541 silvam,
1067 1503 1268 1536 traduzione
1293 1503 1347 1537 del
1373 1514 1478 1548 greco
1505 1507 1584 1548 ὕλη,

107 1548 160 1582 eol
187 1548 388 1592 significato
413 1547 478 1581 che
504 1548 574 1581 tale
593 1547 712 1592 parola
739 1549 782 1581 ha
800 1548 833 1581 di
852 1548 999 1582 materia
1017 1548 1229 1581 disordinata
1247 1548 1323 1583 (cfr.
1340 1548 1438 1593 Virg.
1454 1548 1583 1593 Geory.

108 1592 135 1632 l,
159 1592 203 1627 76
227 1604 245 1627 e
273 1593 368 1633 1522:
393 1598 547 1637 appunto
579 1604 642 1626 con
668 1597 800 1627 cotesto
824 1593 852 1626 si
884 1592 1026 1627 nificato
1056 1593 1080 1626 il
1115 1593 1280 1627 vocabolo
1313 1593 1442 1627 ricorre
1467 1605 1584 1638 spesso

107 1637 143 1672 in
168 1637 338 1672 Cicerone
373 1638 431 1679 (de
462 1636 561 1671 Orac.
588 1637 628 1676 II,
656 1638 709 1676 15,
732 1637 793 1675 65;
833 1604 890 1677 115,
917 1637 972 1678 93,
998 1637 1062 1671 103
1079 1649 1124 1676 ...ς
1162 1638 1207 1671 de
1232 1637 1310 1671 Inv.
1338 1637 1360 1673 1.
1386 1638 1439 1671 24.
1464 1639 1583 1680 34..->:

106 1683 126 1716 ὁ
149 1682 205 1716 cio
227 1682 293 1716 che
312 1682 368 1716 noi
388 1682 552 1721 diciamo,
567 1682 601 1715 di
619 1683 792 1722 scritture,
824 1695 841 1713 «
865 1683 983 1716 buttar
1011 1682 1071 1726 giu
1097 1695 1114 1714 »
1147 1693 1245 1716 come
1283 1682 1401 1718 viene:
1438 1695 1468 1716 v.
1494 1689 1584 1718 sotto

106 1728 217 1761 rebus
256 1733 389 1762 temere
424 1729 609 1771 corzyestz's.
646 1746 688 1752 -
721 1733 870 1765 vocant,
907 1738 976 1761 non
1008 1727 1053 1760 ha
1108 1738 1146 1761 er
1169 1732 1328 1771 soggctto
1360 1727 1384 1760 il
1421 1730 1486 1773 qui
1518 1729 1584 1763 che

107 1771 265 1816 precede,
305 1783 362 1805 ma
402 1782 471 1805 uno
512 1771 780 1806 indeterminato
800 1783 807 1805 :
844 1772 923 1816 puoi
964 1772 1085 1805 tradur
1100 1783 1120 1806 ο
1160 1772 1500 1817 impersonalmente.
1542 1793 1581 1799 —

107 1823 340 1860 componunt,
367 1815 423 1850 nel
449 1827 550 1850 senso
575 1817 608 1849 di
634 1818 841 1860 compositio
865 1819 911 1857 (v.
946 1819 978 1856 1,
1001 1817 1043 1850 52
1076 1819 1135 1857 n.),
1166 1817 1302 1851 riferito
1338 1817 1408 1851 alla
1440 1818 1585 1863 disposi—

107 1862 207 1896 zione
231 1861 323 1895 delle
348 1861 466 1905 parole
493 1861 549 1895 nel
574 1862 714 1906 periodo
739 1873 759 1895 o
793 1860 905 1896 anche
937 1861 1011 1895 solo
1044 1861 1136 1896 nella
1169 1862 1271 1896 frase.
1296 1881 1338 1887 -
1363 1863 1584 1907 effuderant,

105 1907 171 1940 cfr.
196 1906 228 1945 5,
253 1906 274 1939 4
299 1917 318 1940 e
344 1917 376 1939 n.
402 1925 444 1932 —
481 1908 636 1942 numeri,
664 1905 695 1939 ‘i
718 1906 850 1950 periodi
864 1906 883 1939 ⁹.
908 1925 952 1932 —
987 1917 1081 1951 quae
1110 1908 1195 1950 fuit,
1219 1906 1432 1950 ‘originaria
1448 1908 1473 1941 ':
1511 1908 1583 1941 cosi

110 1956 210 1991 sotto,
228 1953 251 1993 ἓ
275 1951 328 1984 2οῑ
354 1962 446 1995 quae
470 1957 560 1990 erat,
585 1956 592 1969 ‘
607 1951 781 1985 anteriore
797 1951 814 1982 '.
830 1970 871 1976 -
891 1951 1028 1991 levitas,
1045 1951 1350 1996 ‘supe1·ficialita‘;
1370 1953 1431 1986 cfr.
1453 1953 1481 1987 1.
1504 1953 1582 1985 124:

107 1996 196 2030 levis
219 2006 238 2029 e
264 2006 296 2028 n.
323 2016 363 2020 —
403 1996 461 2030 18.
487 1998 668 2039 protinus,
687 1996 847 2030 ‘subitol
871 1996 1016 2040 ripreso,
1039 2007 1059 2029 a
1083 2007 1186 2040 scopo
1211 1996 1446 2037 d'insistenza,
1471 1998 1513 2031 da
1538 1999 1584 2032 ab

107 2042 226 2083 initio,
250 2041 317 2074 che
342 2040 420 2073 vien
446 2040 545 2084 dopo.
579 2061 620 2064 —
652 2052 742 2084 opus
774 2041 919 2080 ducere,
956 2041 1135 2075 locuzione
1165 2041 1232 2076 che
1263 2041 1292 2075 si
1327 2042 1445 2076 soleva
1483 2053 1584 2076 usare

107 2085 276 2130 par-lando
301 2085 335 2118 di
360 2085 504 2118 seultori
530 2086 608 2127 (cfr.
635 2085 732 2130 Virg.
758 2085 841 2118 AEn.
871 2085 931 2126 VI,
966 2086 1090 2130 848);e
1115 2086 1149 2119 di
1174 2085 1362 2120 lavoratori
1389 2087 1422 2120 di
1448 2087 1583 2121 metalli

105 2134 151 2170 (v.
176 2130 208 2169 5,
232 2129 272 2163 9:
295 2132 438 2173 formae
462 2130 580 2171 ἀκοῆς
605 2130 641 2163 in
665 2141 767 2164 senso
793 2130 1010 2170 metaforico,
1037 2141 1136 2165 come
1160 2131 1231 2175 qui,
1256 2131 1274 2165 e
1301 2131 1435 2165 riferita
1465 2143 1583 2176 spesso

105 2174 177 2208 alla
202 2174 319 2219 poesia
344 2175 421 2216 (cfr.
447 2174 545 2208 Ovid.
578 2175 683 2209 Trist.
710 2174 734 2215 Ῑ,
763 2174 891 2213 11,18:
919 2177 1086 2209 earmina
1110 2176 1306 2215 ducebam,-
1339 2187 1357 2210 e
1383 2176 1425 2214 V,
1448 2176 1498 2215 12,
1516 2177 1582 2211 63:

105 2221 242 2254 ducere
276 2222 426 2262 versus).
453 2239 494 2243 —-
531 2220 709 2264 adfectus,
734 2219 780 2253 ‘il
805 2219 1049 2255 sentimento'.
1076 2240 1117 2245 ——
1149 2231 1356 2265 sequemur,
1390 2222 1408 2255 e
1434 2226 1533 2256 usato
1558 2221 1583 2255 il

105 2265 236 2304 futuro,
268 2264 397 2309 perche
430 2265 465 2297 in
496 2269 618 2308 queste
643 2266 761 2309 parole
785 2265 814 2298 si
839 2265 1001 2300 contiene
1026 2276 1072 2299 un
1097 2270 1267 2310 precetto:
1294 2266 1356 2300 cfr.
1385 2265 1415 2309 1,
1438 2266 1500 2300 58:
1532 2278 1584 2301 re·

107 2315 294 2344 vertemur
317 2320 337 2343 e
362 2320 394 2342 n.

150 2355 206 2389 19.
240 2354 391 2391 deliciis,
415 2354 568 2388 deliciae
599 2354 715 2388 indica
741 2354 774 2388 la
798 2354 950 2399 speciale
984 2353 1216 2388 inclinazione
1241 2355 1283 2387 ad
1309 2355 1480 2390 alcunche
1513 2367 1532 2390 e
1557 2355 1582 2389 il

105 2399 255 2443 piacere‚
271 2399 325 2433 cui
343 2398 424 2432 altri
450 2409 556 2443 prova
582 2398 639 2432 nel
665 2399 738 2433 fare
756 2409 836 2434 cosa
861 2399 927 2434 che
951 2399 1002 2444 gli
1019 2400 1070 2433 sia
1088 2399 1246 2443 gradita:
1271 2399 1392 2444 quindi
1417 2401 1488 2443 (de)
1506 2401 1582 2435 illis

104 2444 270 2478 dictandi
292 2443 433 2478 deliciis
457 2444 634 2487 significa:
659 2448 667 2461 ‘
683 2443 899 2485 l'abitudine‚
925 2444 989 2478 che
1014 2455 1033 2477 a
1053 2444 1163 2478 taluni
1190 2449 1286 2478 tanto
1305 2445 1414 2489 piace,
1446 2446 1480 2479 di
1512 2446 1581 2480 det-

105 2489 212 2522 tare'.
240 2489 287 2522 La
313 2487 415 2532 quale
440 2489 577 2522 sembra
603 2489 692 2523 fosse
718 2489 824 2523 molto
849 2499 998 2523 comune
1022 2488 1055 2522 al
1081 2493 1196 2534 tempo
1219 2489 1254 2522 di
1279 2489 1509 2530 Quintiliano,
1526 2491 1582 2526 eie>

104 2534 170 2567 che
195 2533 317 2567 risulta
342 2545 361 2567 e
385 2533 418 2566 di
438 2533 495 2577 qui
522 2533 626 2575 ‹illis›
650 2544 669 2567 e
685 2533 729 2567 da
753 2534 898 2568 accenni
925 2534 1103 2568 contenuti
1124 2533 1215 2567 nelle
1233 2534 1379 2578 epistole
1404 2535 1436 2568 di
1463 2535 1581 2569 Plinio

102 2580 150 2623 (v.
175 2577 234 2620 lu,
250 2578 284 2620 5,
301 2578 359 2619 153
384 2578 446 2617 lx,
463 2579 517 2620 36,
534 2577 628 2623 2...).
644 2597 689 2605 -
713 2580 751 2613 in
775 2579 872 2621 stilo,
897 2578 973 2615 cioe
998 2579 1137 2625 quando
1161 2580 1189 2613 si
1214 2579 1338 2614 scrive.
1353 2600 1393 2605 —
1419 2592 1506 2621 etus,
1531 2592 1582 2615 co-

1618 320 1656 352 17

1615 643 1655 675 18

1611 897 1652 931 19
