1887 2901
731 117 862 145 cnm·
892 117 917 144 t.
948 107 969 152 ξ
997 105 1154 145 51-53
1628 103 1680 142 23

208 191 387 247 rogantis
416 189 604 232 Achillen
626 190 812 244 precibus
834 190 1028 245 aequari?
1053 190 1190 241 Quid?
1221 190 1267 231 In
1289 188 1433 238 verbis,
1456 188 1678 236 sententiis,

208 255 363 311 figuris,
393 255 651 309 dispositione
682 255 808 297 totius
837 255 967 309 operis
987 267 1115 296 nonne
1134 254 1299 295 humani
1330 253 1482 308 ingenii
1515 251 1677 292 modum

208 319 389 362 excedit?
420 319 476 362 Ut
506 320 643 374 magni
675 320 728 361 sit
760 320 930 361 virtutes
951 319 1040 361 eius
1061 331 1135 360 non
1159 318 1442 366 aemulatione,
1465 317 1569 370 quod
1594 315 1678 356 fieri

208 396 285 426 non
316 385 458 438 potest,
488 383 556 425 sed
589 383 799 425 intellectu
829 383 957 436 sequi.
990 383 1143 424 Verum
1174 383 1241 423 hic
1277 395 1413 423 omnes
1442 381 1527 422 sine
1557 380 1679 420 dubio
1704 409 1709 427 ;

207 448 250 491 et
277 448 317 488 in
349 448 456 489 omni
488 460 631 501 genere
653 448 905 500 eloquentiae
928 447 1065 500 procul
1087 459 1110 486 a
1131 459 1170 488 se
1192 446 1373 499 reliquit,
1396 445 1528 498 epicos
1543 446 1679 485 tamen

208 512 434 567 praecipue,
456 511 646 553 videlicet
667 513 764 564 quia
784 512 1011 553 clarissima
1029 511 1070 552 in
1095 511 1263 552 materia
1284 510 1411 551 simili
1435 509 1680 562 comparatio

207 579 280 620 est.
307 577 411 618 Raro
432 576 617 631 adsurgit
641 576 824 618 Hesiod
839 589 894 618 us
916 588 1143 631 magnaque
1165 589 1256 629 pars
1278 575 1364 616 eius
1385 575 1426 615 in
1449 574 1679 616 nominibus
1704 587 1730 616 ζ’

207 643 268 684 est
296 642 503 694 occupata,
535 643 668 681 tamen
697 641 819 681 utiles
844 641 948 681 circa
978 642 1190 693 praecepta
1211 640 1433 681 sententiae
1455 639 1679 691 levitasque

209 705 418 748 verborum
449 707 490 746 et
519 704 820 757 compositionis
842 704 1075 757 probabilis,
1098 704 1298 757 daturque
1320 704 1354 744 ei
1378 703 1515 756 palma
1543 703 1584 743 in
1608 702 1679 743 illo

207 769 340 812 medio
369 781 512 823 genere
543 768 714 810 dicendi.
747 769 895 810 Contra
925 769 966 809 in
998 768 1312 809 Antimacho
1344 768 1403 808 vis
1433 769 1473 808 et
1502 767 1680 822 gravitas

207 834 249 875 et
277 833 446 874 minime
478 833 644 887 vulgare
668 832 880 885 eloquendi
904 845 1031 887 genus
1055 833 1175 874 habet
1196 832 1371 873 laudem.
1396 832 1473 873 Sed
1495 832 1680 886 quamvis

207 898 241 940 ei
275 897 470 939 secundas
491 897 571 938 fere
592 897 951 952 grammaticorum
973 909 1187 938 consensus
1207 896 1371 947 deferat,
1394 899 1434 938 et
1455 895 1679 938 adfectibus

206 1043 251 1057 =
266 1029 426 1069 γνώμαις
450 1027 556 1069 (VIII,
581 1027 612 1065 5,
636 1027 680 1069 3).
707 1047 747 1051 -—
773 1028 1014 1070 dispositione,
1039 1026 1239 1070 ‘disegno',
1265 1026 1525 1071 propriamcnte
1542 1025 1596 1060 cio
1613 1025 1679 1060 che

208 1072 266 1107 noi
284 1073 434 1106 diciamo
461 1084 478 1104 α
498 1072 701 1105 l'economia
720 1084 738 1104 »
765 1072 819 1105 dcl
848 1071 977 1105 lavoro.
1003 1091 1046 1097 —
1069 1074 1208 1115 magni,
1233 1072 1389 1115 genitivo
1407 1071 1441 1104 (li
1460 1081 1596 1115 prezzo:
1622 1083 1679 1104 ina

208 1119 301 1151 forse
326 1117 354 1149 si
372 1117 457 1151 deve
475 1117 725 1151 sottintendere
751 1118 900 1160 inqenii.
926 1119 1014 1161 App.
1040 1117 1116 1150 crit.
1153 1137 1196 1140 —
1231 1117 1476 1150 aemulatione
1499 1117 1612 1160 sequi,
1635 1117 1679 1148 da

209 1162 368 1196 tradurre
392 1172 456 1195 con
483 1173 551 1195 una
588 1161 707 1206 parola
733 1162 818 1201 sola,
850 1173 868 1195 e
893 1161 963 1196 cosi
990 1162 1176 1195 intellectu
1200 1163 1311 1206 sequi.
1336 1180 1377 1187 -
1462 1162 1517 1195 51.
1540 1172 1679 1199 verum,

208 1212 217 1225 ⁶
234 1206 324 1246 ma',
349 1206 405 1240 nel
431 1216 531 1240 senso
555 1206 606 1239 di:
637 1218 655 1238 «
673 1206 696 1238 il
723 1217 804 1240 vero
830 1206 848 1240 e
873 1207 939 1240 che
958 1220 987 1238 ».
1013 1226 1055 1230 -
1082 1209 1119 1239 in
1151 1210 1250 1240 omni
1278 1217 1412 1249 yenere
1443 1206 1680 1250 eloquentiae,

209 1251 369 1296 l'aspetto
393 1256 482 1285 sotto
506 1251 562 1285 cui
580 1250 797 1291 Quintiliano
817 1251 860 1284 ha
878 1251 1095 1285 considerato
1115 1252 1162 1284 fin
1179 1251 1239 1295 qui
1256 1251 1390 1285 Omero.
1406 1270 1448 1276 —
1461 1251 1679 1290 clarissima,

208 1297 244 1330 in
269 1300 400 1340 quanto
427 1307 494 1329 non
510 1295 542 1329 ci
567 1297 635 1340 pub
659 1306 753 1329 esser
777 1295 880 1339 luogo
905 1308 923 1329 a
950 1296 1066 1329 dubbi.
1093 1297 1181 1340 App.
1207 1295 1283 1329 crit.
1309 1316 1350 1320 -—
1376 1298 1415 1328 in
1448 1297 1603 1329 materia
1632 1297 1679 1329 .ςὶ-

208 1341 301 1379 mili,
325 1340 471 1378 intendi,
498 1341 549 1373 fra
574 1351 677 1384 opere
701 1340 755 1374 del
774 1342 962 1375 medesimo
979 1352 1117 1384 genere.
1133 1361 1173 1366 -
1221 1341 1285 1375 52.
1302 1352 1389 1373 raro
1407 1341 1586 1383 aclsnrqz’c,
1601 1340 1674 1374 cosi

208 1385 435 1430 giudicarono
460 1388 748 1418 concordemente
772 1385 820 1429 gli
847 1386 991 1425 antichi,
1017 1386 1060 1419 nc
1085 1386 1113 1418 si
1132 1387 1200 1430 puo
1217 1386 1289 1419 dire
1307 1386 1371 1419 chc
1386 1386 1534 1419 abbiano
1548 1391 1675 1425 errato:

208 1429 325 1475 quella
350 1431 383 1462 (1ι
410 1430 535 1463 Esiodo
561 1430 579 1463 e
605 1441 672 1463 una
699 1431 814 1474 poesia
841 1431 1091 1469 melanconica,
1118 1430 1236 1469 umile,
1261 1430 1438 1474 semplice,
1463 1430 1528 1464 che
1554 1441 1614 1473 per
1643 1431 1675 1463 121

208 1486 272 1509 sua
296 1475 485 1509 intrinseca
511 1480 635 1508 natura
661 1485 729 1508 non
755 1480 878 1519 poteva
904 1486 1007 1509 avere
1032 1475 1081 1519 gli
1108 1475 1218 1508 slanci
1244 1475 1570 1518 dell‘nnmaginoso
1595 1486 1678 1519 epos

208 1520 371 1554 omerico.
397 1539 439 1545 —
466 1520 648 1554 Hesiodus
672 1521 863 1563 (Ἡσίοδος,
890 1521 1042 1563 Esiodo),
1071 1520 1104 1553 di
1132 1522 1240 1553 Ascra
1266 1520 1359 1553 nella
1385 1520 1521 1558 Beozia,
1545 1520 1678 1553 vissuto

209 1565 348 1598 intorno
373 1564 501 1597 a11·800
525 1576 579 1598 ειν.
604 1564 672 1604 Cr.,
697 1570 818 1598 autore
843 1565 877 1598 di
905 1576 949 1598 un
977 1576 1100 1610 poema
1133 1565 1679 1609 religioso-moralc-didasealico.

209 1610 320 1651 Ἔργα
345 1612 401 1643 καὶ
426 1611 584 1652 Ἡμέραι,
610 1609 661 1643 Le
684 1620 790 1653 opere
807 1620 825 1643 e
854 1612 1004 1654 iyiornz‘
1021 1611 1101 1653 (828
1118 1610 1306 1651 esametri)‚
1324 1622 1343 1643 a
1361 1610 1417 1643 cui
1434 1609 1679 1644 direttamente

208 1655 238 1688 si
264 1653 420 1688 riferisce
445 1654 469 1687 il
495 1654 647 1699 giudizio
671 1660 862 1689 accennato
883 1655 975 1699 degli
1004 1655 1148 1688 antichi.
1176 1656 1448 1699 Appartengono
1482 1655 1515 1687 al
1551 1666 1679 1698 genere

209 1699 320 1744 epico,
343 1709 363 1733 e
387 1709 471 1733 sono
495 1700 530 1732 di
556 1710 601 1732 un
627 1705 708 1733 tono
732 1711 834 1733 meno
859 1700 1019 1738 dimosso.
1037 1701 1069 1732 la
1089 1701 1264 1741 Θεογονία
1280 1700 1383 1741 (1022
1402 1702 1592 1742 omnnem),
1617 1711 1635 1734 e
1653 1699 1679 1733 il

209 1748 384 1789 poemetto
412 1744 460 1778 Lo
494 1745 604 1778 scmlo
640 1745 680 1777 cli
708 1744 837 1778 Eracle
871 1747 1007 1786 (Ἀσπὶς
1039 1746 1269 1787 Ἡρακλέους,
1300 1745 1366 1777 480
1394 1745 1582 1787 esametri),
1613 1745 1679 1779 che

210 1799 326 1822 vanno
350 1792 440 1822 sotto
465 1788 489 1821 il
515 1800 577 1822 suo
603 1800 723 1822 nome:
749 1800 803 1822 ma
828 1789 942 1834 quella
969 1790 987 1823 e
1013 1790 1317 1823 manifestamente
1341 1800 1445 1833 opera
1463 1790 1495 1821 di
1516 1789 1679 1833 parcechi

211 1833 428 1878 compilatori
455 1833 488 1866 di
513 1836 568 1867 eta
595 1834 795 1877 posteriore,
820 1846 838 1868 e
863 1835 974 1868 anche
1001 1835 1056 1878 piu
1085 1838 1223 1868 recente
1246 1834 1418 1875 (650-600
1443 1845 1496 1867 ειν.
1522 1834 1594 1875 Cr.)
1617 1835 1636 1868 e
1654 1835 1680 1867 il

211 1878 611 1923 poemetto‚iniitazionc
638 1878 730 1912 della
755 1879 967 1913 descrizionc
996 1879 1087 1913 dello
1111 1879 1217 1912 scudo
1241 1878 1275 1911 di
1301 1878 1441 1912 Achille
1467 1879 1525 1918 (Il.
1554 1879 1682 1920 XVIII,

211 1922 392 1965 478-608).
411 1941 451 1947 —
470 1935 605 1966 mayna
615 1935 715 1967 pars,
729 1924 978 1968 specialmcnte
994 1925 1025 1957 la
1045 1924 1224 1967 Teoyonia
1237 1926 1306 1966 (vv.
1319 1924 1385 1957 226
1400 1924 1560 1968 sgg.,337
1578 1928 1680 1968 mg.)-

213 1987 255 1993 ——-
273 1969 625 2002 eius-:carminum
654 1971 749 2003 eins:
777 1969 840 2002 cfr.
867 1973 889 2010 ξ
914 1969 973 2001 31ε
1000 1971 1174 2012 proxima
1197 1971 1344 2012 poetis
1369 1979 1386 2002 e
1412 1980 1444 2001 n.
1474 1989 1515 1993 —
1541 1970 1681 2003 meles...

212 2014 421 2051 sententiae,
435 2013 490 2046 nel
507 2024 627 2057 poema
642 2014 692 2048 ΙἘ,
713 2026 743 2046 κ.
763 2015 813 2047 Ἠ.
829 2033 867 2038 -
883 2017 992 2047 circa.
1010 2021 1017 2031 ⁴
1033 2013 1176 2058 rispetto
1193 2025 1212 2046 a
1226 2013 1246 2053 '‚
1264 2014 1461 2057 significato
1478 2013 1542 2048 che
1560 2019 1682 2058 questa

215 2057 453 2102 preposizione
477 2058 635 2102 acquisto
659 2059 839 2102 dapprima
867 2059 900 2091 in
925 2058 1350 2099 Quintiliano—levitas
1374 2060 1580 2097 verborum.
1605 2059 1624 2093 e
1649 2060 1681 2092 la

212 2105 411 2143 ὀνομάτων
429 2103 571 2145 λειότης
588 2103 621 2135 di
642 2103 779 2146 Dionigi
797 2103 830 2136 di
851 2104 1074 2137 Alicarnasso
1090 2105 1182 2146 (τῶν
1201 2104 1359 2146 ἀρχαίων
1377 2105 1500 2146 κρίσις,
1518 2110 1682 2138 veterum

212 2152 433 2193 scriptorum
459 2150 637 2191 censura),
662 2149 746 2180 icui
775 2148 902 2192 giudizi
930 2149 1067 2182 intorno
1084 2147 1156 2193 agli
1174 2149 1287 2182 autori
1312 2150 1419 2192 greci,
1438 2160 1535 2183 come
1562 2149 1606 2183 ho
1623 2149 1682 2193 gia

213 2191 395 2229 avvertito,
413 2192 630 2232 Quintiliano
659 2203 726 2226 non
757 2193 790 2226 di
817 2193 898 2227 rado
926 2194 958 2226 fa
987 2193 1076 2226 suoi.
1095 2214 1136 2217 —
1159 2195 1435 2237 composicionis,
1453 2193 1683 2238 disposizione

213 2236 304 2271 delle
319 2237 435 2281 parole
449 2238 597 2271 secondo
612 2237 643 2271 le
659 2238 751 2281 lcggi
765 2238 1017 2271 dell'armonia.
1031 2257 1074 2263 —
1088 2239 1205 2272 medio
1216 2249 1350 2282 genere
1363 2239 1507 2272 (licendi
1520 2240 1564 2281 (v.
1580 2242 1601 2280 g
1616 2238 1684 2280 80),

213 2282 232 2315 ὸ
271 2282 302 2315 10
337 2281 416 2314 stile
446 2281 537 2314 lenis
572 2282 626 2315 del
663 2288 685 2323 ,ξ
710 2284 772 2319 44:
811 2284 873 2316 cfr.
908 2284 937 2316 la
965 2294 997 2316 n.
1023 2283 1069 2316 ivi
1096 2295 1116 2316 a
1140 2289 1281 2317 rectum
1313 2284 1458 2316 dicendi
1492 2295 1616 2327 yenus.
1641 2303 1684 2309 —

214 2327 277 2361 53.
305 2326 521 2359 Antimacho
545 2328 782 2370 (Ἀντίμαχος,
808 2329 1018 2369 Antimaeo),
1044 2328 1077 2361 di
1118 2327 1298 2367 Colofonc‚
1325 2329 1398 2361 fiori
1436 2339 1537 2362 verso
1568 2328 1592 2361 il
1618 2328 1684 2361 420

215 2382 268 2404 av.
286 2370 358 2420 Cr:
383 2381 544 2414 compo-se
563 2383 606 2404 un
627 2383 748 2415 poema
766 2373 876 2417 epico,
903 2375 1036 2416 Θηβαΐς
1052 2374 1249 2414 (Tebaicle),
1268 2384 1328 2417 per
1354 2374 1375 2405 il
1402 2373 1505 2417 quale
1530 2377 1684 2417 appunto

214 2415 233 2450 e
257 2427 315 2460 qui
354 2416 536 2459 ricordato‚
561 2426 579 2450 e
615 2428 661 2450 un
693 2422 865 2462 poemctto
889 2418 1056 2461 elegiae-0,
1083 2421 1195 2460 Λύδη,
1232 2418 1266 2450 in
1305 2422 1413 2451 morte
1445 2418 1478 2450 di
1517 2429 1586 2451 una
1621 2429 1686 2451 sua

214 2464 354 2494 amante
377 2460 411 2493 di
437 2461 484 2494 tal
511 2472 628 2500 nome;
653 2462 806 2496 dell'uno
830 2473 849 2497 c
873 2463 1047 2497 dell'altro
1071 2463 1314 2497 conservianio
1339 2463 1445 2496 scarsi
1472 2463 1683 2497 frammenti.

214 2524 258 2531 —
282 2506 472 2541 secundas.
493 2513 630 2549 parces,
648 2507 735 2551 (10ρο
752 2508 897 2546 Οηιονος
921 2509 984 2541 cfr.
1010 2511 1057 2549 §.S
1081 2509 1125 2541 58
1150 2519 1168 2541 c
1193 2508 1244 2539 >isi
1271 2526 1314 2532 —
1338 2510 1425 2550 sere,
1444 2507 1468 2540 il
1494 2519 1685 2542 consensvs

217 2560 285 2583 non
311 2551 347 2583 fu
375 2550 549 2586 unanime.
576 2563 631 2584 ina
657 2563 722 2585 non
743 2553 921 2596 ⁴znppiamo
938 2553 994 2585 ehi
1022 2553 1121 2586 abbia
1148 2553 1339 2586 dissentito.
1365 2572 1408 2576 v—-
1428 2555 1686 2595 qrammaliro-

218 2607 314 2635 rum,
339 2594 387 2640 gli
414 2596 567 2629 scrittori
605 2596 638 2630 di
675 2599 778 2631 storia
806 2597 982 2632 letteraria
1009 2609 1027 2631 e
1056 2598 1065 2631 i
1090 2598 1225 2636 critici3
1252 2598 1327 2631 vedi
1354 2601 1376 2639 g
1401 2603 1578 2641 segmento.
1614 2598 1686 2631 Csr.
