1887 2901
1625 0 1674 15 “J
1709 0 1887 112 *¹:⁵va

1864 76 1874 86 a.

322 103 374 143 32
850 117 982 146 cAPU‘r
1010 121 1036 145 ι.
1064 109 1085 155 ξ
1113 108 1270 147 68-69
1860 116 1887 165 Ὗ..

320 192 436 243 poeta
466 191 610 232 melior
641 191 747 233 inter
789 192 988 245 plurimos
1019 195 1242 246 quaeritur.
1284 194 1410 248 quue
1445 207 1518 250 ego
1557 207 1665 246 sane,
1706 207 1799 249 quo.
1879 170 1887 194 ἦ

320 255 429 295 niam
463 256 510 296 ad
542 258 791 309 praesentem
824 257 1038 298 materiam
1070 258 1175 298 nihil
1211 261 1399 313 pertinet,
1436 259 1711 302 iniudicatum
1743 274 1800 302 re-

319 319 472 372 linquo.
505 321 616 361 Illud
647 321 811 374 quidem
843 334 958 363 nemo
979 335 1055 363 non
1077 323 1253 364 fateatur
1274 336 1431 365 necesse
1454 328 1526 372 est,
1559 325 1624 375 iis,
1656 325 1727 378 qui
1757 338 1798 368 se

250 396 295 430 68
319 383 369 423 ad
386 384 588 437 agendum
610 387 857 439 comparant,
880 386 1087 427 utiliorem
1105 386 1222 441 longe
1253 387 1334 429 fore
1351 388 1586 442 Euripiden.
1610 388 1798 442 Namque

318 448 352 488 is
383 450 424 489 et
457 461 636 490 sermone
675 450 798 503 (quod
838 450 973 504 ipsum
1011 451 1311 504 reprehendunt
1349 452 1500 505 quibus
1539 453 1720 508 gravitas
1757 456 1799 496 et

318 512 538 554 cothurnus
569 515 609 554 et
639 526 758 555 sonus
790 513 977 568 Sophocli
1009 515 1171 556 videtur
1201 528 1284 557 esse
1315 516 1547 570 sublimior)
1577 517 1710 571 magis
1737 530 1798 559 ac·

317 577 424 617 cedit
454 578 626 619 oratorio
656 579 793 632 generi
826 582 865 620 et
896 579 1107 620 sententiis
1138 580 1284 621 densus
1315 582 1356 622 et
1384 581 1425 622 in
1457 581 1522 630 iis,
1554 595 1656 635 quae
1686 594 1711 623 a
1739 595 1797 624 sa.-

316 640 522 694 pientibus
552 643 704 684 tradita
735 646 842 693 sunt,
875 657 998 697 paene
1030 644 1129 697 ipsis
1160 657 1243 698 par,
1276 647 1316 686 et
1352 645 1519 688 dicendo
1555 659 1600 688 ac
1636 659 1798 700 respon-

316 705 443 747 dendo
474 707 646 748 cuilibet
676 720 828 757 eorum,
852 709 922 761 qui
945 709 1111 750 fuerunt
1126 709 1167 750 in
1190 710 1272 751 foro
1304 709 1459 760 diserti,
1481 712 1796 764 comparandu83

316 769 357 809 in
388 770 614 812 adfectibus
646 784 735 813 vero
768 785 862 813 cum
893 773 1082 814 omnibus
1112 774 1254 822 mirus,
1286 777 1376 815 tum
1398 774 1440 815 in
1462 775 1526 825 iis,
1548 775 1619 828 qui
1650 776 1692 817 in
1725 775 1798 817 mi·

248 843 292 877 69
315 836 512 876 seratione
544 838 741 886 constant,
772 837 892 879 facile
923 839 1176 891 praecipuus.
1218 838 1339 880 Hunc
1361 838 1587 881 admiratus
1622 840 1796 882 maxime

315 902 387 950 est,
419 902 466 942 ut
495 914 611 955 saepe
642 903 831 952 testatur,
854 904 894 943 et
924 904 1101 952 secutus,
1133 916 1382 957 quamquam
1414 904 1454 944 in
1488 916 1604 957 opere
1626 904 1796 955 diverso,

315 964 611 1016 Menander,
643 967 712 1020 qui
736 967 796 1009 vel
820 981 925 1008 unus
950 980 1036 1009 meo
1060 967 1224 1020 quidem
1250 968 1403 1009 iudicio
1424 968 1644 1023 diligenter
1667 969 1797 1010 lectus

314 1030 364 1070 ad
395 1032 553 1081 cuncta,
585 1044 686 1085 quae
719 1033 1004 1086 praecipimus,
1037 1032 1267 1088 effingenda
1297 1033 1499 1075 sufficiat:
1547 1033 1606 1075 ita
1635 1045 1795 1075 omnem

314 1209 345 1242 A
371 1209 556 1243 differenza
581 1209 636 1243 dei
661 1209 737 1244 suoi
763 1210 1008 1254 predecessori.
1033 1210 1232 1255 riprodusse
1258 1215 1380 1255 troppo
1411 1221 1530 1255 spesso
1563 1210 1655 1245 sulla
1686 1221 1794 1246 scena

312 1253 345 1286 la
371 1254 442 1287 vita
466 1265 615 1289 comune
640 1266 669 1295 e,
695 1255 780 1299 ligio
816 1255 885 1289 alle
921 1256 1164 1289 consuetudini
1202 1256 1255 1289 del
1292 1261 1418 1300 tempo,
1444 1256 1500 1290 nei
1537 1256 1612 1290 suoi
1641 1256 1794 1292 drammi

313 1299 533 1344 filosofeggio
558 1301 650 1334 forse
675 1301 734 1345 piu
759 1300 825 1334 che
862 1311 930 1334 non
967 1312 1025 1334 era
1052 1302 1267 1335 necessario:
1300 1301 1467 1335 tantoche
1492 1301 1526 1335 lo
1550 1302 1579 1335 si
1612 1303 1794 1337 considera

311 1355 410 1378 come
442 1345 466 1378 il
500 1345 612 1389 primo
636 1345 885 1390 corrompitore
922 1346 1013 1379 della
1053 1346 1168 1390 poesia
1207 1347 1352 1391 tragica,
1378 1346 1413 1380 la
1443 1346 1549 1391 quale
1585 1351 1676 1381 sotto
1701 1347 1726 1380 il
1751 1348 1794 1381 ri-

309 1394 423 1433 spetto
448 1390 605 1424 artistico
630 1390 841 1424 incomincio
866 1391 1058 1425 realmente
1083 1402 1147 1425 eon
1173 1391 1223 1424 lui
1241 1403 1261 1425 a
1279 1392 1458 1425 decedere.
1476 1391 1648 1436 Compose
1664 1396 1795 1426 setian-

312 1434 475 1479 tacinque
500 1435 669 1479 tragedie:
699 1447 736 1469 se
761 1447 804 1469 ne
829 1447 1044 1469 ‹Jonservano
1069 1436 1417 1470 diciannoveintiere
1430 1437 1534 1480 (oltre
1559 1448 1606 1470 un
1633 1437 1793 1481 migliaio

311 1479 345 1512 di
372 1480 599 1521 frammenti),
625 1491 804 1525 compreso
831 1481 854 1514 il
886 1480 1036 1525 Ciclope‚
1062 1481 1192 1514 l'unico
1217 1482 1371 1526 esempio
1404 1481 1436 1515 di
1464 1481 1622 1515 dramma
1648 1482 1792 1517 satirico

310 1524 375 1558 che
399 1526 431 1558 ci
456 1525 507 1558 sia
533 1526 666 1569 giunto.
702 1545 744 1551 -
782 1527 949 1565 invia,
974 1527 1038 1560 cfr.
1067 1528 1089 1568 ἕ
1117 1527 1162 1559 79
1187 1538 1219 1559 n.
1244 1528 1274 1560 2.
1302 1547 1343 1551 —
1377 1527 1426 1560 (ul
1449 1528 1646 1570 ayendum,
1671 1527 1747 1562 cioe
1771 1539 1792 1561 a

310 1569 492 1603 diventare
521 1571 661 1604 oratori.
686 1591 729 1595 -
755 1572 820 1605 68.
847 1572 943 1615 quod
969 1574 1088 1615 ipsum
1113 1573 1401 1615 reprehendunt,
1428 1573 1517 1616 App.
1543 1572 1620 1605 erit.
1646 1591 1688 1597 —
1712 1574 1793 1617 qui·

312 1615 638 1652 bus...sublimior,
664 1615 675 1648 i
702 1621 752 1649 tre
777 1616 960 1650 sostantivi
982 1619 1160 1659 pravitas,
1186 1617 1399 1655 cothurnus,
1425 1628 1545 1655 sonus,
1570 1617 1605 1650 di
1623 1617 1790 1652 ciascuno

309 1659 364 1693 dei
389 1660 483 1705 quali
509 1661 528 1694 e
555 1661 730 1705 predicato
754 1662 957 1701 sublimior,
983 1662 1175 1705 designano
1202 1662 1225 1695 il
1250 1663 1406 1696 sublime
1430 1662 1576 1695 dicendi
1597 1673 1726 1705 yenus.
1746 1682 1790 1688 —

305 1705 518 1745 cothurnus,
543 1707 605 1739 cfr.
623 1706 655 1741 2,
672 1706 715 1738 22
739 1717 758 1740 e
776 1718 807 1739 n.
827 1726 868 1731 —
892 1718 1014 1743 sonus,
1039 1718 1104 1740 con
1129 1717 1231 1741 senso
1256 1707 1405 1751 analogo
1434 1719 1452 1739 a
1472 1708 1623 1747 locatim·
1647 1719 1678 1740 v.
1695 1707 1730 1748 2,
1746 1706 1789 1742 13

307 1761 339 1783 n.
364 1770 409 1774 —
432 1753 616 1784 sententiis
640 1751 783 1789 densus,
820 1751 891 1785 eost
927 1756 949 1793 ἕ
990 1751 1068 1784 102:
1105 1754 1291 1786 sententiis
1317 1754 1451 1786 creber.
1476 1771 1520 1777 —-
1543 1753 1784 1796 sapientibus,

309 1796 319 1828 i
346 1800 354 1813 ⁶
368 1795 493 1830 filosofi
512 1796 530 1828 ¹.
558 1796 724 1840 Euripide
749 1807 807 1830 era
826 1801 926 1835 stato,
952 1807 1046 1841 pare.
1076 1797 1250 1842 discepolo
1267 1798 1301 1830 di
1320 1800 1554 1840 Anassagora.
1579 1816 1623 1822 —
1639 1798 1792 1832 dicendo

309 1852 351 1874 ac
375 1842 635 1885 respondendo.
650 1847 804 1886 app-[into
829 1842 882 1875 cio
907 1841 972 1876 che
991 1842 1025 1875 fa
1039 1841 1200 1876 l‘oratore
1216 1843 1308 1876 nella
1326 1842 1542 1876 discussione
1559 1842 1650 1877 delle
1675 1853 1791 1880 cause.

308 1906 351 1911 —
375 1886 516 1927 diserti,
539 1887 602 1920 cfr.
629 1890 651 1927 g
680 1888 742 1919 11><
759 1898 778 1920 e
795 1898 827 1920 n.
850 1907 886 1911 —
906 1888 1177 1930 comparandus
1194 1904 1238 1916 =
1255 1887 1568 1932 aequiparandus.
1586 1906 1630 1913 —
1656 1889 1693 1921 in
1711 1889 1790 1922 iis...

301 1933 538 1975 praecipuus,
564 1944 594 1964 v.
621 1937 642 1969 ᾗ
667 1932 728 1964 64ῑ
753 1934 1001 1976 praecipua...
1019 1933 1144 1965 virtus.
1178 1952 1220 1959 —
1236 1933 1358 1976 facile,
1382 1938 1510 1966 ‘senza
1541 1932 1703 1967 dubbio·:
1725 1933 1790 1967 cfr.

306 1976 377 2010 Cic.
402 1977 452 2010 ad
477 1977 578 2010 Fam.
607 1977 662 2016 VI,
690 1977 740 2016 10,
765 1978 806 2010 2:
831 1978 941 2021 facile
963 1979 1151 2021 princeps,·
1184 1989 1252 2021 pro
1281 1978 1380 2012 Rosc.
1409 1979 1489 2011 Am.
1527 1977 1561 2017 6,
1591 1977 1651 2012 15:
1675 1979 1787 2023 facile

306 2023 464 2065 primus.
490 2042 531 2046 —
583 2023 646 2056 69.
671 2024 903 2066 praecipuus.
931 2023 1051 2059 Hunc.
1071 2025 1160 2067 App.
1178 2023 1253 2057 erit.
1281 2045 1321 2048 —
1348 2029 1433 2057 ut...
1448 2028 1613 2060 testatur,
1639 2033 1708 2058 non
1733 2023 1790 2057 nei

310 2067 526 2107 frammenti,
550 2067 616 2100 che
641 2067 731 2101 «lello
756 2067 950 2102 commedie
967 2068 1001 2101 di
1022 2068 1213 2102 Menandro
1230 2069 1473 2102 eonserviamo
1490 2078 1628 2102 ancora.
1645 2089 1689 2093 —
1717 2068 1789 2103 Me-

308 2113 453 2146 nander
471 2114 711 2155 (Μένανδρος.
731 2113 947 2152 Menandro),
966 2113 998 2145 di
1019 2115 1143 2152 Atene,
1162 2113 1295 2147 vissuto
1312 2114 1368 2146 dal
1387 2114 1453 2147 :343
1469 2113 1503 2146 al
1520 2113 1587 2146 292
1603 2125 1658 2146 av.
1676 2113 1746 2153 Cr.,
1763 2113 1788 2147 il

310 2157 369 2202 piu
387 2157 523 2192 celebre
537 2160 670 2191 cultore
688 2158 779 2191 della
797 2158 992 2192 commedia
1019 2169 1131 2192 nuova
1156 2162 1277 2201 (opere
1294 2170 1359 2192 suo
1376 2158 1432 2193 del
1451 2162 1473 2199 g
1491 2160 1587 2202 seg).
1609 2158 1675 2192 Per
1692 2163 1791 2204 poter

310 2203 396 2236 farei
424 2203 561 2236 un'idea
587 2203 678 2236 della
697 2214 757 2236 sua
778 2204 934 2237 maniera
960 2203 993 2236 in
1013 2209 1099 2240 arte,
1118 2204 1241 2248 poiche
1260 2203 1351 2238 delle
1368 2214 1429 2237 sue
1454 2203 1656 2248 produzioni
1673 2203 1791 2237 dram-

309 2248 474 2287 matiche,
499 2248 587 2282 oltre
611 2259 630 2280 a
649 2252 760 2285 cento.
781 2259 847 2281 non
875 2254 1013 2282 restano
1030 2248 1094 2282 che
1109 2249 1310 2282 trammenti
1324 2249 1430 2291 (circa
1446 2247 1554 2288 mille,
1572 2260 1627 2282 mn
1645 2249 1755 2287 brevi,
1771 2259 1791 2283 e

309 2293 410 2337 quasi
437 2298 525 2327 tutte
543 2296 729 2335 sentenzc),
744 2294 928 2327 dobbiamo
943 2294 1111 2328 ricorrere
1124 2293 1193 2327 alle
1207 2293 1400 2328 commedie
1413 2293 1447 2327 di
1473 2293 1599 2327 Plauto
1623 2304 1642 2327 e
1666 2293 1701 2327 di
1727 2293 1789 2328 Te-

310 2338 437 2373 renzio.
455 2339 529 2371 suoi
558 2338 738 2377 imitatori,
763 2339 838 2371 anzi
866 2339 953 2372 bene
979 2350 1096 2383 spesso
1112 2338 1573 2384 traduttori.specialmente
1591 2338 1790 2373 ilseeondo.

308 2402 351 2408 —
378 2384 444 2420 vel,
462 2384 664 2417 restrittivo.
679 2403 719 2407 —
735 2385 857 2419 lectus.
873 2384 1122 2418 condizionale.
1137 2403 1179 2409 —
1199 2384 1248 2417 ad
1261 2390 1392 2418 cuncta
1450 2383 1656 2428 effinyenda
1680 2385 1789 2428 suffi—

309 2429 391 2467 ciat,
419 2429 453 2462 in
479 2434 569 2463 tutto
595 2429 618 2462 il
645 2428 733 2462 libro
761 2429 790 2461 X
819 2429 852 2461 di
878 2429 1097 2469 Quintiliano
1134 2429 1328 2463 solamente
1354 2429 1389 2462 in
1414 2434 1536 2473 questo
1563 2428 1667 2473 luogo
1691 2429 1793 2474 suffi-

309 2485 389 2507 cere
413 2473 432 2507 ὲ
458 2479 557 2507 usato
581 2485 646 2508 con
671 2474 740 2506 nd:
769 2473 902 2507 alu-ove
927 2485 1063 2518 Sempro
1100 2474 1153 2508 col
1185 2474 1313 2508 dativo.
1343 2494 1381 2498 —
1407 2479 1537 2507 cuncta
1561 2485 1656 2518 quae
1674 2485 1788 2519 prae-

309 2520 475 2562 cipimus,
501 2519 619 2563 parole
636 2518 793 2564 spiegate
807 2518 899 2551 dalle
918 2519 1093 2562 segmenti:
1111 2521 1160 2552 ita
1224 2519 1526 2553 accommodatus.
1545 2539 1588 2543 —
1604 2530 1747 2554 omnem

309 2566 497 2607 expressit.
524 2564 542 2596 ὁ
568 2565 655 2597 bene
682 2564 855 2597 riom-(lare
882 2563 1082 2608 l'npmnvfo
1109 2565 1241 2597 sanioso
1267 2565 1300 2598 di
1330 2564 1531 2598 Aristofane
1563 2564 1596 2597 di
1628 2563 1792 2599 Bisanzio

310 2612 347 2651 (ἕ
372 2609 449 2652 54):
475 2610 504 2645 ὠ
531 2611 721 2654 Μένανδρε
749 2613 801 2644 καί
828 2611 887 2651 βίε,
915 2613 1071 2653 πότερος
1096 2611 1150 2653 ἄρ’
1176 2612 1280 2653 ὑμῶν
1317 2612 1477 2655 πότερον
1503 2613 1726 2653 εμιμὴσατοῐ
1749 2628 1792 2637 —·
