1887 2901
342 124 348 132 .
383 74 574 130 ''carur
602 103 664 130 in.
694 93 714 139 ξ
746 91 918 139 15-32;
946 103 1003 130 zv.
1033 93 1055 141 g
1082 91 1128 138 3;
1159 105 1200 131 v.
1231 94 1252 140 ξ
1284 91 1409 132 1-13
1590 93 1665 132 133

87 158 98 170 .

20 202 28 210 ⁴
82 173 105 219 ‘x
138 176 142 180 ”
193 187 344 223 Bursian
367 198 477 223 aveva
502 187 721 223 considerato
745 199 844 223 come
868 199 915 223 un
939 188 1114 234 glossema
1137 187 1170 224 le
1187 187 1305 234 parole
1329 193 1372 222 ut
1387 189 1664 232 provideamus,

8 625 22 638 ,Ι
48 646 50 648 .
78 639 83 646 ι

4 642 33 703 -3‘

4 707 37 933 ξ

6 946 20 960 V

5 973 22 1002 ἒ

0 1005 26 1034 :⁸¹

0 1040 30 1052 ⁷0.

0 1064 19 1103 ’ξ

3 1105 21 1151 ἓ

6 1158 15 1174 ff

192 244 259 280 che
282 244 396 279 anche
419 242 454 278 al
472 243 552 277 Hirt
567 243 665 285 (JVB
686 244 771 279 XIV
784 256 815 290 p.
834 244 893 289 53)
913 245 1098 280 sembrano
1116 257 1134 277 «
1152 244 1210 279 ein
1227 244 1475 289 siberflfissiger
1492 246 1615 279 Zusatz
1631 243 1663 279 »ss

190 300 332 346 Kri‘iger
354 310 508 346 propone
540 306 576 334 et
599 301 863 345 provideamus
887 307 928 334 ut
951 302 1139 346 efferentes
1213 311 1442 335 coerceamus
1474 302 1551 345 (per
1574 301 1663 336 altre

190 359 352 401 proposte
374 354 408 388 di
434 355 692 390 emendamenti
717 367 748 390 v.
775 356 942 390 Peterson
967 367 999 400 p.
1023 355 1103 398 212)
1137 356 1206 389 Ae:
1233 361 1275 389 ut
1291 356 1558 400 prouideamus
1583 356 1664 402 effe-

191 414 310 464 renfes
331 412 570 457 equos..A3:
607 418 641 447 ec
666 406 931 457 prouideamus
965 413 1199 458 efferentibus
1237 413 1338 457 equis
1371 414 1499 457 frenos
1533 415 1663 458 quibus

189 467 445 502 cahem-eamus

235 522 288 558 15.
312 530 346 558 et
369 525 525 559 celerius
550 525 614 564 A2,
640 525 818 559 Peterson.
843 525 999 559 celerius
1024 524 1088 563 Α3,
1115 523 1195 557 Hild
1220 534 1239 558 e
1264 524 1419 558 Meister.

233 578 287 613 20.
313 582 349 614 in
375 581 619 625 intellegyendo
645 580 788 615 Meister
812 591 831 614 e
856 580 1042 619 Peterson,
1066 591 1085 614 e
1103 579 1238 614 Becher
1256 579 1303 614 BJ
1329 591 1360 625 p.
1377 579 1430 614 36.
1456 581 1495 614 in
1513 580 1662 625 leyendo

188 636 255 675 A2,
279 635 362 670 Hild
387 648 451 671 con
478 637 592 671 Halm.
619 637 688 671 A3:
713 643 747 672 et
771 637 957 680 diliqendo

231 691 285 735 21.
309 695 434 736 femur
458 700 490 727 ec
516 693 615 727 latus
648 693 858 727 Hild-Halrn
884 705 902 727 e
929 692 1081 727 Meister.
1117 695 1277 736 frontem
1303 698 1338 727 et
1362 693 1458 726 latus
1491 693 1661 727 Peterson

187 748 300 783 anche
325 748 566 784 ne11·edizi0ne
591 749 774 783 scolastica
801 749 929 792 (1892),
955 748 1087 783 lezione
1113 760 1180 783 non
1203 753 1394 794 approvata
1419 748 1475 782 dal
1501 748 1662 783 Kiderlin

186 805 300 849 (Neue
324 805 410 850 phil.
436 805 572 840 Runds.
596 805 683 840 1893
708 817 740 839 n.
765 806 784 839 4
818 818 849 850 p.
874 805 942 846 57),
973 805 996 838 il
1022 805 1125 850 quale
1158 816 1310 850 propone
1334 807 1459 849 femur
1482 811 1516 840 et
1534 811 1662 850 pectus

188 861 327 906 Krfiger
357 862 474 896 adotta
508 861 799 896 l'emendamento
824 862 880 896 del
906 862 1008 896 Gertz
1033 868 1143 896 semet
1166 861 1361 896 senz'altro.
1395 862 1468 895 Ae:
1492 862 1606 896 simul
1627 868 1662 896 et

122 927 129 931 ·
189 919 336 951 interim
374 917 449 952 A3:
476 924 621 952 uertere
646 919 743 951 latus
769 919 916 951 interim

231 973 286 1007 22.
313 976 349 1007 in
374 975 545 1008 dictando
566 976 674 1019 peric.
702 974 766 1013 ΑΒ,
792 974 969 1012 Peterson,
994 984 1013 1007 e
1038 973 1173 1007 Becher
1196 973 1260 1008 che
1285 973 1453 1007 dimostra
1476 972 1540 1016 (BJ
1553 985 1586 1019 p.
1604 973 1662 1016 33)

189 1030 223 1064 in
249 1030 350 1064 modo
374 1030 494 1064 affatto
527 1030 728 1075 persuasivo
760 1041 858 1064 come
884 1030 912 1062 si
938 1030 1048 1064 debba
1081 1029 1164 1064 dare
1189 1029 1222 1063 la
1248 1031 1450 1074 preferenza
1483 1042 1503 1064 a
1527 1034 1660 1064 cotesta

188 1086 320 1121 lezione
356 1087 501 1132 rispetto
530 1086 598 1120 alla
632 1091 808 1131 seguente.
845 1086 942 1131 quod
966 1086 1137 1120 dictando
1157 1089 1267 1130 perit,
1294 1086 1359 1126 Α2,
1397 1085 1607 1121 Hild-Halm
1642 1097 1661 1121 e

188 1142 344 1177 Meister.
369 1143 540 1177 dictando
561 1145 668 1187 perit.
697 1143 847 1186 Krfiger.

231 1198 285 1232 25.
312 1199 376 1237 Α2,
402 1200 472 1233 A3:
496 1205 611 1233 rectos
659 1199 770 1243 vulg:
801 1204 906 1232 tectos
935 1198 1000 1232 che
1025 1198 1076 1232 sia
1102 1198 1135 1231 la
1162 1197 1293 1233 lezione
1318 1199 1432 1233 buona
1458 1199 1476 1233 ἐ
1502 1203 1600 1244 posto
1625 1199 1660 1233 in

187 1254 270 1289 sodo
294 1255 350 1288 dal
377 1254 523 1293 Becher,
547 1254 675 1289 Philol.
694 1254 807 1289 XLIII
833 1267 864 1299 p.
882 1254 1038 1288 203-205
1061 1256 1107 1297 (ν.
1127 1253 1151 1287 il
1176 1255 1281 1288 breve
1305 1265 1324 1288 e
1341 1254 1462 1289 chiaro
1486 1255 1661 1290 riassunto

187 1310 242 1346 del
269 1311 348 1344 Hirt
372 1310 454 1344 JVB
481 1311 565 1345 XIV
590 1322 622 1355 p.
646 1311 689 1344 57
715 1321 734 1344 e
758 1310 850 1344 dello
874 1315 983 1344 stesso
1010 1310 1144 1344 Becher
1170 1309 1217 1343 BJ
1243 1321 1274 1354 p.
1302 1310 1368 1352 12).

230 1366 285 1400 29.
311 1366 380 1400 Α2;
406 1372 441 1400 et
463 1368 514 1400 ita
540 1378 586 1400 ne
609 1367 822 1400 deerremus
859 1366 930 1401 A3:
954 1372 988 1400 et
1012 1367 1062 1399 ica
1087 1368 1119 1399 si
1141 1377 1313 1400 erramus

229 1421 284 1456 31.
309 1422 376 1462 Α2,
394 1422 463 1456 Α3;
487 1424 613 1457 crebro
639 1423 812 1457 relationi
835 1433 901 1457 con
927 1422 1026 1467 quasi
1053 1422 1135 1456 tutti
1153 1422 1203 1467 gli
1222 1422 1303 1456 altri
1329 1434 1409 1456 mss.
1435 1422 1572 1458 Becher
1589 1434 1661 1458 vor-

186 1479 291 1513 rebbe
314 1479 465 1513 ritenere
489 1479 614 1513 crebro
647 1479 689 1512 da
714 1478 816 1513 unire
852 1483 947 1512 tanto
980 1490 1000 1512 a
1024 1484 1223 1512 morantur
1255 1483 1386 1523 quanto
1414 1491 1434 1513 a
1457 1481 1662 1524 franyunt,-

186 1545 254 1575 ma,
278 1545 416 1568 osserva
451 1534 476 1568 il
503 1534 664 1568 Kiderlin
695 1535 807 1576 (Neue
832 1534 919 1580 phil.
947 1534 1080 1569 Runds.
1108 1534 1194 1568 1892
1226 1546 1258 1568 n.
1286 1535 1306 1568 4
1332 1546 1363 1579 p.
1388 1535 1458 1579 55),
1483 1547 1502 1569 ‹
1527 1547 1566 1570 zu
1592 1548 1663 1570 mo-

184 1597 321 1624 rantur
345 1594 440 1634 passt
465 1591 604 1631 crebro,
629 1591 712 1625 aber
736 1602 776 1624 zu
801 1593 986 1634 franyunt
1009 1594 1104 1635 passt
1128 1601 1166 1624 es
1190 1589 1291 1624 nicht
1314 1603 1346 1631 x,
1371 1601 1389 1625 e
1413 1591 1534 1636 quindi
1559 1593 1661 1627 crede

185 1645 216 1680 si
240 1657 341 1691 possa
366 1657 575 1681 conservare
600 1648 728 1681 crebra
754 1647 944 1681 relatione.

230 1702 284 1736 32.
307 1702 498 1736 adiciendo
524 1702 604 1736 Hild
629 1713 647 1736 e
673 1703 851 1742 Peterson,
875 1702 929 1736 col
958 1702 1117 1736 Bursian.
1142 1703 1317 1737 adicienci
1341 1703 1486 1738 Meister
1509 1703 1660 1739 dall‘edi-

185 1769 282 1793 zione
307 1758 340 1792 di
366 1758 511 1793 Colonia
539 1759 636 1792 1555.
662 1759 727 1797 Ae,
746 1758 814 1793 A3:
839 1759 1034 1793 adicienda

230 1847 290 1882 IV.
313 1867 357 1875 —
381 1848 411 1882 3.
437 1848 544 1882 habet
576 1848 639 1887 Α2,
672 1848 816 1882 Meister
847 1860 866 1883 e
898 1848 1075 1883 Peterson.
1126 1849 1258 1883 habeat
1290 1849 1354 1890 ΑΒ,
1380 1849 1450 1890 ΕΡ,
1477 1849 1562 1884 Hild
1594 1861 1660 1885 con

186 1904 302 1939 Halm.

230 1983 272 2016 V.
296 2002 339 2009 —
365 1981 394 2016 1.
421 1983 485 2023 ΑΞ,
512 1984 580 2016 AR:
605 1990 691 2016 sunt
717 2003 757 2009 —
780 1986 921 2026 saccum
946 1990 998 2017 esc
1021 1985 1130 2018 etiam
1157 1985 1222 2025 ΑΞ,
1251 1984 1313 2019 A3.
1339 2003 1382 2011 —
1406 1996 1477 2030 quo
1502 1986 1577 2019 iam
1603 1997 1662 2020 ro-

186 2041 375 2073 bustorum
403 2040 465 2072 Α2.
491 2050 632 2084 qaoque
658 2041 903 2074 robustiorum
931 2039 993 2078 A3.
1019 2051 1086 2075 om.
1114 2042 1199 2074 iam.

229 2097 262 2129 2.
287 2096 326 2129 id
353 2095 548 2130 Messallae
574 2096 637 2129 ΑΞ.
666 2096 845 2130 Messalae
870 2097 934 2135 ΑΒ,
959 2107 1026 2131 om.
1054 2097 1102 2130 id.

229 2151 261 2185 4.
286 2152 439 2185 eandem
466 2152 530 2185 ΑΞ.
548 2151 611 2189 Α3,
631 2152 700 2192 ΕΡ,
727 2152 806 2186 Hild
833 2164 851 2187 e
877 2152 1033 2187 Meister.
1070 2153 1197 2187 eadem
1222 2153 1363 2198 Krsiger
1386 2164 1405 2188 e
1430 2154 1607 2189 Peterson.

231 2207 283 2241 10.
308 2219 394 2241 nam
419 2207 488 2241 illa
514 2208 579 2247 ΑΞ,
605 2208 668 2242 Α3.
705 2220 792 2242 nam
818 2211 855 2242 in
882 2209 948 2242 illa
981 2209 1061 2242 Hild
1093 2208 1178 2247 solo,
1213 2209 1237 2243 il
1263 2209 1367 2254 quale
1399 2212 1482 2255 pero
1513 2210 1549 2244 in
1579 2216 1660 2245 nota

184 2275 343 2298 osserva:
371 2276 388 2294 «
414 2263 569 2297 l'ablatif
591 2263 664 2297 seul
698 2264 784 2298 n'est
809 2276 871 2309 pas
905 2265 1017 2299 moins
1049 2269 1185 2300 correct
1212 2279 1242 2305 »,
1274 2269 1408 2300 mentre
1437 2265 1573 2301 Becher
1597 2267 1659 2308 (BJ

185 2331 220 2365 p.
244 2320 302 2361 423)
325 2319 560 2363 giustameiite
585 2320 727 2353 afferma
753 2319 819 2354 che
845 2320 972 2354 runica
999 2320 1132 2355 lezione
1158 2322 1271 2355 huona
1297 2321 1315 2355 e
1341 2321 1374 2355 la
1401 2322 1523 2367 prima.

231 2375 283 2409 13.
309 2386 395 2409 reus
419 2377 466 2409 sit
488 2388 534 2409 an
562 2387 785 2420 quaeramus
813 2378 876 2416 ΑῩ,
896 2377 949 2410 Α3
972 2388 990 2411 e
1016 2376 1087 2411 cosi
1114 2377 1194 2411 tutti
1214 2377 1264 2422 gli
1290 2377 1370 2411 altri
1397 2389 1490 2417 mss..
1516 2379 1660 2413 Meister

183 2442 202 2466 e
226 2432 404 2468 Peterson,
429 2443 447 2465 e
473 2431 619 2469 Becher,
650 2431 674 2464 il
700 2432 803 2476 quale
830 2432 873 2465 ha
898 2432 1104 2466 dimostrato
1136 2432 1279 2469 (Philol.
1307 2433 1405 2467 XLV
1438 2445 1469 2478 p.
1494 2434 1661 2478 724-725‚

183 2489 247 2522 cfr.
272 2487 318 2521 Β.)
346 2500 375 2531 p⁴
404 2487 521 2525 13-14,
548 2488 589 2519 :32
614 2499 633 2521 e
658 2488 716 2522 48:
743 2500 774 2520 v.
793 2488 904 2522 anche
931 2488 1007 2521 Ilii-t
1034 2488 1116 2521 JVB
1143 2488 1227 2522 XIV
1254 2501 1285 2533 p.
1309 2489 1366 2532 58)
1390 2489 1456 2524 che
1483 2502 1525 2523 va
1551 2495 1660 2524 accet-

182 2548 255 2577 tata
279 2544 312 2577 13
345 2543 476 2577 lezione
500 2542 553 2576 dei
581 2554 660 2576 mss.
678 2554 778 2577 senza
798 2549 906 2588 punto
941 2544 1175 2579 niodifiearla.
1202 2551 1342 2580 rectene
1366 2557 1451 2580 reus
1477 2547 1534 2587 sit,
1554 2557 1661 2590 quae-

181 2611 320 2640 ramus,
343 2611 392 2633 an
419 2599 498 2633 Hild
524 2611 542 2633 e
567 2599 720 2644 Rrsiger.
