1887 2901
690 129 823 159 carm·
850 131 924 159 vn.
955 122 977 168 ξ
1008 121 1163 160 14—27
1585 121 1660 161 135

186 212 343 258 Krfiger.
359 211 524 248 videmus
547 222 587 252 s-,
611 224 693 247 cum
717 225 769 255 eo,
786 215 913 261 (quod)
937 217 970 250 si
1035 216 1173 251 accedit
1200 215 1295 255 Hild,
1311 215 1564 251 modificazioni
1592 217 1658 252 che

52 259 99 320 [ἱ
121 291 124 295 ·
186 271 340 304 rendono
365 280 384 302 c
398 268 455 303 die
473 268 582 303 Stelle
608 270 810 315 unmoglich
835 282 854 304 t
870 270 966 314 (Hirt
989 271 1073 305 JVB
1097 271 1181 306 xlv
1200 283 1231 316 p.
1250 271 1307 316 54)
1330 283 1350 306 e
1373 277 1494 307 contro
1513 272 1544 307 le
1561 273 1656 318 quali

54 330 64 344 ¹
187 336 206 357 ‹
222 324 379 370 spi-acha
402 323 471 359 und
497 324 663 360 Gedanke
688 326 916 371 protestieren
940 326 1237 371 gleichermasscn
1261 341 1281 361 »
1299 327 1450 372 <Becher
1467 327 1515 361 BJ
1540 340 1571 373 p.
1589 328 1656 373 43).

185 380 249 421 ΑΞ,
275 380 343 416 A3:
366 383 592 426 superfluere
622 384 703 425 (om.
728 382 848 425 video)
873 393 956 416 cum
980 393 1020 417 eo
1044 384 1142 428 quod
1165 385 1198 418 si

229 435 281 471 14.
304 442 348 470 ut
375 435 506 477 Cicero,
536 439 752 473 dictitabant
777 438 840 478 ΑΞ,
878 438 1092 472 Hild-Halm
1125 450 1143 474 e
1168 439 1347 474 Peterson.
1372 445 1415 473 ut
1446 439 1567 474 Cicero
1592 442 1655 481 ait,

182 492 397 527 dictitabant
428 493 572 528 Meister
595 493 649 528 col
675 493 819 539 Regius.
858 494 928 528 A3:
959 494 1080 529 Cicero
1104 497 1184 533 (om.
1212 496 1266 538 ut)
1288 496 1378 529 dicit
1400 497 1556 540 agebant

228 547 281 583 16.
305 549 375 583 A2:
400 550 527 583 addita
552 550 749 585 dicendum
798 549 872 584 A3:
896 550 946 584 ad
970 551 1182 585 discendum
1207 554 1289 594 (om.
1315 551 1434 596 addit)

226 604 280 639 18.
305 605 374 638 A2:
395 607 644 650 praecipimus
685 606 755 639 A3:
776 608 1007 650 percipimus

226 659 278 695 19.
304 663 416 695 tutior
442 662 504 695 Ae.
531 662 603 696 A3:
631 662 759 696 utilior
784 682 824 688 -
850 674 932 696 cum
958 663 1051 697 lianc
1074 664 1293 707 facilitatem
1367 670 1453 698 sunt
1476 666 1656 698 consecuti

181 716 244 751 A3.
273 729 355 751 cum
381 718 475 752 lianc
496 718 709 763 fi'licitatem
783 720 857 752 sint
880 721 1059 753 consecuti
1083 719 1149 753 Ae.
1181 719 1257 753 EP:
1283 720 1378 754 hanc
1400 721 1652 764 felicitatem...

178 775 359 808 consecuti
381 781 468 808 sunt

269 831 506 873 (credendum
529 832 625 865 enim
650 830 811 865 Ciceroni
835 834 900 875 est)
926 831 959 865 la
978 832 1153 877 parentesi
1179 832 1232 867 col
1260 832 1395 867 Becher
1413 832 1460 866 Β]
1487 844 1518 878 p.
1543 831 1652 866 43-44

178 897 198 921 9
222 885 276 921 col
301 886 479 921 Peterson.

221 943 276 977 20.
302 949 404 978 tanta
421 954 495 978 esse
511 955 686 988 umquam
714 944 847 978 debet
872 944 1008 987 fiducia
1025 944 1216 988 facilitatis
1243 945 1408 979 Peterson
1434 945 1490 979 dal
1517 945 1652 990 Herzog

178 1011 197 1034 e
209 1000 252 1034 da
267 1011 313 1034 un
331 1012 394 1034 ms.
411 1005 551 1034 tantam
568 1011 642 1034 esse
659 1011 831 1045 umquam
844 1001 1018 1043 fiduciam
1035 1003 1105 1044 fac.
1127 1001 1261 1035 velim
1283 1002 1426 1036 Meister
1440 1001 1494 1036 col
1508 1001 1651 1046 Regius.

5 1057 35 1100 ξ
179 1062 282 1091 tanta
310 1058 371 1091 sit
399 1067 574 1101 umquam
589 1057 726 1100 fiducia
742 1059 812 1098 sac.
831 1056 912 1090 Hild
931 1068 949 1091 e
971 1057 1111 1102 Kriiger
1135 1068 1200 1091 con
1227 1057 1343 1091 Halm.
1369 1058 1441 1091 A2:
1462 1064 1562 1092 tanta
1579 1069 1654 1093 esse

483 1114 489 1120 '
605 1115 609 1119 '
635 1115 639 1119 ’
698 1114 709 1142 ι’
806 1114 812 1122 ‘
836 1124 842 1145 :
869 1119 930 1145 tan
1061 1127 1071 1144 ι
1212 1126 1231 1145 ρ

11 1103 26 1149 ³
178 1112 1056 1214 “3312252‘15‘252234‘535..matt-⁰1²:
1071 1115 1223 1209 ’ΞΞἏΞἝ
1235 1115 1424 1205 2233?ss
1429 1175 1460 1205 te
1489 1170 1650 1205 mern..

3 1218 33 1272 ξ
175 1225 289 1267 (Neue
313 1225 399 1270 phil.
424 1225 558 1260 Runds.
586 1225 671 1259 1892
702 1236 736 1258 n.
765 1224 784 1257 4
817 1237 848 1269 p.
873 1225 941 1265 53).
973 1230 1108 1260 accetta
1141 1225 1173 1259 la
1198 1226 1331 1260 lezione
1364 1226 1457 1261 della
1489 1226 1651 1272 maggior

11 1282 24 1310 2

6 1376 30 1417 ζ

10 1427 24 1445 1

177 1287 275 1326 parte
299 1281 353 1315 dei
380 1292 460 1315 mss.
492 1282 524 1315 si
553 1287 751 1326 utrumque
781 1292 853 1315 non
878 1281 1028 1315 dabitur
1058 1292 1195 1316 omesso
1229 1285 1409 1328 consequi,
1440 1283 1507 1318 che
1537 1284 1556 1318 ὲ
1582 1294 1650 1317 una

176 1342 383 1382 congettura
407 1337 500 1372 dello
524 1337 704 1382 Spalding.

219 1393 274 1427 24.
299 1404 372 1427 non
395 1393 555 1427 elabitur
578 1392 745 1427 Peterson
772 1391 940 1427 nell'ediz.
965 1392 1150 1427 scolastica
1180 1394 1275 1433 1⁸02,
1301 1395 1433 1429 lezionc
1459 1400 1650 1440 approvata

174 1448 232 1484 dal
257 1449 418 1484 Kiderlin
441 1448 663 1494 (Neuephil.
691 1449 822 1483 Runds.
850 1448 936 1483 1893
961 1460 999 1482 n.
1020 1448 1039 1482 4
1065 1461 1096 1494 p.
1122 1450 1189 1491 57).
1220 1462 1291 1484 non
1318 1451 1458 1486 labitur
1483 1452 1650 1486 Peterson

173 1506 229 1542 ed.
251 1505 374 1545 maior,
404 1516 423 1540 e
454 1505 547 1545 Hild,
583 1504 606 1538 11
632 1504 736 1550 quale
765 1516 922 1550 suppone
955 1516 1025 1539 una
1056 1505 1183 1540 lacuna
1215 1507 1327 1551 prima
1359 1507 1393 1540 di
1427 1507 1574 1545 labitur,
1607 1508 1649 1542 da

175 1562 359 1607 riempiere
383 1572 448 1597 con
481 1563 638 1596 animo
671 1572 742 1595 non
776 1572 797 1596 o
829 1569 977 1611 mente
1008 1573 1101 1596 non:
1132 1575 1151 1594 «
1179 1563 1344 1607 moglich,
1370 1564 1454 1598 aber
1478 1564 1647 1598 unwahr-

8 1602 28 1672 2
172 1618 368 1653 scheinlieh
394 1630 412 1650 ›>
444 1628 586 1653 osserva
618 1617 752 1652 Becher
778 1616 825 1651 Β]
860 1629 892 1662 p.
918 1617 970 1651 44.
997 1618 1142 1653 Meister
1166 1629 1230 1653 eon
1259 1619 1378 1653 Halm:
1407 1631 1478 1654 non
1503 1623 1650 1664 capitur

3 1710 19 1722 ἢ
173 1675 254 1719 (ΑΞ,
279 1675 333 1709 Α3
356 1685 421 1709 con
446 1675 480 1708 la
505 1674 666 1718 maggior
691 1677 788 1718 parte
813 1674 905 1718 degli
933 1674 1012 1708 altri
1040 1678 1146 1717 mss).
1175 1674 1273 1710 Altre
1298 1681 1460 1721 proposte
1485 1676 1518 1709 di
1536 1687 1650 1711 emen-

0 1732 30 1763 3-
173 1731 328 1766 dementi
353 1742 426 1765 non
449 1732 608 1775 rapitur,
633 1741 703 1764 non
731 1733 908 1774 carpitur,
935 1742 1006 1765 non
1031 1732 1117 1771 abit,
1142 1743 1197 1765 ma
1218 1732 1239 1764 il
1266 1731 1371 1777 luogo
1397 1743 1466 1767 non
1484 1733 1503 1767 e
1519 1743 1648 1767 ancora

0 1777 31 1840 ζ’
67 1780 70 1785 ’
172 1792 306 1823 sanato-

217 1845 273 1879 25.
295 1850 348 1879 est
370 1844 446 1877 alia
472 1843 611 1888 Kriiger
634 1854 654 1877 e
679 1842 865 1877 Peterson.
891 1854 908 1877 9
935 1843 1071 1878 Becher
1095 1843 1143 1877 BJ
1168 1855 1199 1888 p.
1225 1843 1278 1883 232,
1305 1855 1323 1878 e
1347 1844 1391 1878 49
1413 1847 1449 1887 («
1465 1845 1564 1879 ...ich
1591 1845 1648 1879 die

0 1900 25 1943 ᾖ
171 1902 309 1937 codices
332 1901 389 1935 ffir
413 1900 507 1934 mich
534 1899 623 1934 habe
655 1899 724 1932 und
750 1900 930 1934 vonseiten
964 1900 1024 1933 der
1050 1900 1271 1933 Grammatik
1297 1901 1364 1934 wie
1389 1901 1449 1935 des
1474 1902 1599 1935 Sinnes

0 1942 36 1979 ¹
170 1958 289 1992 nichts
318 1967 431 2002 gegen
457 1955 550 1990 ‹liese
577 1955 742 1990 Lesarten
777 1955 1001 2000 eingewandt
1026 1957 1165 1990 werden
1191 1956 1286 1990 kann
1362 1959 1407 1999 »).
1443 1964 1495 1991 cst
1521 1964 1555 1991 et
1582 1958 1647 1990 illa

3 2007 7 2011 ³
171 2013 382 2049 Hild-Halm
407 2024 426 2048 e
444 2013 589 2047 Meister
613 2023 677 2046 con
695 2011 866 2057 Spalding
890 2014 966 2052 (cfr.
994 2011 1055 2052 lx,
1073 2012 1104 2051 3,
1121 2012 1183 2046 35:
1209 2020 1260 2047 est
1284 2019 1318 2047 et
1343 2013 1438 2047 illud
1463 2014 1649 2058 repetendi

167 2073 311 2116 qenus).
337 2070 401 2109 Ae,
420 2069 490 2103 A3:
517 2074 569 2103 est
594 2063 659 2102 illa

216 2128 282 2167 A2,
301 2127 368 2161 A3:
395 2127 566 2159 utilitatis

213 2184 269 2218 26.
294 2183 361 2217 illa
387 2183 451 2222 A2,
478 2182 530 2215 ΑΒ
561 2192 626 2215 con
652 2181 731 2214 tutti
763 2181 814 2225 gli
839 2180 921 2214 altri
954 2192 1046 2221 mss,
1074 2181 1166 2220 Hi1d‚
1193 2182 1334 2227 Kriiger
1366 2193 1384 2216 e
1416 2183 1601 2221 Peterson.
1628 2195 1648 2218 e

0 2205 10 2248 ἱ
171 2241 306 2276 Becher
340 2240 406 2274 che
437 2239 482 2272 ha
506 2238 711 2272 dimostrato
743 2237 806 2278 (BJ
832 2249 863 2282 p.
889 2238 945 2279 49)
981 2237 1047 2271 che
1076 2243 1208 2272 cotesta
1239 2239 1257 2272 e
1290 2238 1322 2272 la
1357 2239 1489 2273 lezione
1519 2240 1646 2284 giusta.

0 2301 10 2322 ¹
172 2297 326 2336 Meister,
351 2295 405 2330 col
441 2295 562 2329 Gertz:
590 2295 628 2326 in
659 2294 725 2326 illa
761 2294 909 2334 (sottint.
947 2297 1219 2337 exercitatione)
1261 2307 1278 2326 (ι
1309 2295 1365 2328 ich
1398 2295 1493 2329 halte
1529 2296 1646 2330 diesen

0 2343 3 2361 ¹
170 2353 350 2388 Einschub
373 2352 434 2386 des
458 2352 496 2384 in
523 2351 579 2383 ssu·
604 2350 812 2394 fiberfliissig
838 2363 856 2382 ιι
882 2349 1043 2392 (Becher,
1070 2350 1093 2383 1.
1120 2353 1174 2392 9,).

0 2401 21 2450 ἰ,
212 2410 267 2444 27.
292 2415 356 2442 aut
381 2407 573 2452 leyendum
599 2417 666 2440 om.
683 2407 746 2444 Ae,
770 2405 958 2440 omissione
976 2406 1092 2440 voluta
1121 2407 1234 2441 anche
1255 2406 1311 2441 dal
1339 2408 1484 2449 Becher,
1508 2419 1574 2443 con
1591 2409 1647 2442 cui

0 2453 46 2508 ἦν
168 2470 334 2502 consente
359 2464 383 2498 il
410 2462 570 2498 Kiderlin
593 2462 707 2505 (Neue
733 2462 817 2507 phil.
845 2462 976 2495 Runds.
1008 2462 1091 2495 1892
1117 2474 1148 2496 n.
1178 2463 1193 2495 4
1220 2475 1250 2507 p.
1277 2463 1346 2503 55),
1373 2464 1396 2497 il
1422 2464 1526 2509 quale
1550 2470 1649 2499 nota:

0 2502 32 2568 i,
171 2535 190 2557 ι
213 2528 279 2557 aut
310 2523 501 2566 leyemlum
534 2519 579 2553 ist
604 2518 681 2553 hier
705 2518 918 2553 mindestens
950 2519 1158 2564 i'iberfliissig
1194 2519 1261 2553 und
1292 2521 1453 2565 zugleich
1486 2521 1648 2555 schlecht

0 2573 41 2641 {A
76 2623 78 2626 .
167 2579 372 2626 qeglaubigt
397 2589 428 2618 »;
451 2588 472 2611 a
497 2587 552 2611 me
578 2579 780 2613 veramente
798 2585 866 2610 non
892 2586 986 2620 pare,
1012 2575 1055 2609 ne
1080 2575 1203 2615 finora,
1234 2575 1300 2611 che
1327 2576 1360 2611 io
1384 2577 1519 2622 sappia,
1544 2577 1648 2612 alcun

0 2643 21 2695 ἶ

0 2744 13 2772 b
