1887 2901
612 152 748 181 ,οΑνοτ
778 152 803 179 ι.
835 141 856 188 5
887 138 1093 178 127-129
1536 139 1587 178 65

105 241 210 275 ,cum
242 227 388 270 diversi
420 226 496 268 sibi
529 227 711 268 conscius
750 226 908 279 generis
948 226 1104 279 placere
1135 237 1175 266 se
1204 224 1244 266 in
1277 223 1445 266 dicendo
1474 237 1587 278 posse

115 295 181 344 iis,
210 294 360 348 quibus
388 292 452 333 illi
484 292 702 346 placerent,
732 291 945 332 diffideret.
978 291 1184 331 Amabant
1214 291 1349 331 autem
1382 303 1474 331 eum
1505 303 1586 332 ma—

114 359 179 415 gis
207 370 329 412 quam
359 356 640 405 imitabantur,
671 357 914 408 tantumque
944 355 994 396 ab
1035 367 1080 396 eo
1111 355 1355 405 defluebant,
1386 357 1584 408 quantum

81 446 94 459 ·
114 423 187 466 ille
216 423 267 464 ab
297 421 477 474 antiquis
507 420 776 462 descenderat.
807 419 927 461 Foret
957 419 1064 461 enim
1095 419 1331 473 optandum,
1362 431 1476 473 pares
1515 422 1586 461 aut
1613 425 1675 460 127

114 487 259 530 saltem
291 487 489 541 proximos
520 486 583 526 illi
616 486 699 526 viro
730 485 829 526 fieri.
862 484 938 525 Sed
971 484 1157 537 placebat
1186 486 1345 537 propter
1375 485 1459 525 sola
1486 485 1587 525 vitia

114 553 157 595 et
184 551 235 593 ad
264 563 311 593 ea
340 564 381 593 se
412 551 583 603 quisque
614 550 815 605 dirigebat
840 548 1079 603 effingenda,
1110 561 1212 601 quae
1244 549 1421 601 poterat:
1443 548 1586 590 deinde

114 629 207 659 cum
237 629 279 658 se
308 615 479 657 iactaret
509 615 645 656 eodem
679 614 794 655 modo
815 614 959 666 dicere,
983 612 1174 654 Senecam
1199 613 1435 654 infamabat.
1459 613 1585 654 Cuius
1614 617 1675 649 128

113 682 156 723 et
184 680 337 722 multae
369 679 520 732 alioqui
554 681 594 720 et
624 691 794 731 magnae
825 677 997 718 virtutes
1028 677 1204 726 fuerunt,
1235 677 1446 731 ingenium
1467 677 1585 719 facile

114 748 156 788 et
184 745 403 798 copiosum,
434 743 657 797 plurimum
689 742 828 791 studii,
861 741 994 782 multa
1033 754 1168 783 rerum
1208 742 1396 796 cognitio,
1433 742 1474 782 in
1506 755 1587 795 qua

113 811 249 852 tamen
281 808 500 861 aliquando
529 809 578 849 ab
602 809 677 854 his,
700 808 848 861 quibus
864 807 1106 860 inquirenda
1126 806 1322 859 quaedam
1354 806 1585 855 mandabat,

114 873 306 927 deceptus
336 875 407 914 est.
431 873 640 914 Tractavit
661 873 783 914 etiam
807 884 965 913 omnem
991 871 1070 912 fere
1101 871 1329 912 studiorum
1351 871 1585 914 materiam:
1613 874 1675 908 129

114 951 208 980 nam
240 938 281 979 et
309 938 508 979 orationes
538 938 625 978 eius
655 939 695 978 et
725 939 909 990 poemata
954 937 995 978 et
1038 936 1236 989 epistulae
1277 938 1317 978 et
1347 931 1496 991 dialogi
1531 936 1586 978 fe-

115 1005 274 1045 runtur.
308 1003 350 1043 ln
382 1002 636 1055 philosophia
681 1014 821 1055 parum
869 1001 1056 1055 diligens,
1088 1001 1276 1055 egregius
1307 1002 1441 1042 tamen
1468 1001 1587 1042 vitio-

118 1080 210 1108 rum
241 1067 457 1108 insectator
486 1065 578 1106 fuit.
612 1066 767 1107 Multae
799 1066 838 1106 in
870 1078 914 1106 eo
945 1065 1157 1118 claraeque
1188 1065 1423 1115 sententiae,
1456 1066 1588 1106 multa

115 1131 240 1174 etiam
271 1142 429 1172 morum
460 1131 593 1185 gratia
624 1129 805 1185 legenda,
836 1129 904 1172 sed
944 1130 986 1170 in
1022 1130 1243 1183 eloquendo
1283 1131 1470 1183 corrupta
1503 1131 1588 1184 ple-

116 1285 236 1321 stulae
260 1285 309 1319 ad
334 1284 516 1319 Lucilium
544 1284 730 1329 giudICava
757 1284 790 1317 in
806 1284 906 1318 modo
925 1283 1031 1317 molto
1049 1283 1267 1318 sfavorevole
1287 1294 1353 1317 non
1371 1283 1445 1318 solo
1463 1283 1588 1323 Ennio,

118 1343 174 1364 ma
202 1333 334 1375 perlino
359 1330 526 1364 Cicerone
551 1342 570 1364 e
596 1329 756 1373 Virgilio.
783 1329 838 1364 [jn
862 1329 985 1373 saggio
1010 1329 1043 1362 di
1069 1329 1130 1362 tali
1150 1328 1278 1371 giudizi
1305 1329 1336 1362 ci
1363 1329 1381 1363 ὲ
1405 1329 1527 1363 offerto
1545 1329 1587 1362 da

115 1375 233 1421 quello
257 1380 445 1409 contenuto
463 1374 692 1418 nell'epistola
712 1373 774 1406 114
792 1374 931 1416 (17-19)
947 1380 1066 1408 contro
1093 1373 1258 1407 Sallustio
1284 1384 1302 1407 e
1329 1385 1373 1406 un
1397 1384 1459 1407 suo
1478 1374 1589 1406 imita-

116 1426 202 1455 tore.
221 1439 263 1446 -
280 1421 417 1453 diversi
488 1421 645 1463 (senet-is,
665 1419 695 1453 le
712 1419 896 1452 differenze
915 1419 947 1451 di
966 1418 1084 1452 scuola
1102 1417 1381 1460 (relativamente
1399 1418 1468 1452 allo
1485 1418 1591 1461 stile).

115 1484 160 1491 —
177 1466 232 1505 iis,
247 1465 335 1510 App.
360 1463 437 1498 crit.
464 1484 504 1488 —
523 1464 593 1500 illi,
611 1464 621 1497 i
637 1465 804 1507 potiores.
830 1484 873 1488 -
898 1465 943 1497 ab
967 1474 1018 1503 eo,
1045 1465 1133 1507 App.
1151 1463 1228 1496 crit.
1243 1482 1284 1488 —
1297 1463 1515 1507 defluebant,
1534 1463 1590 1497 nel

109 1520 219 1550 ,senso
243 1509 277 1542 di
311 1509 598 1553 ‘degener-avano
615 1509 633 1544 ¹.
659 1520 756 1542 vome
781 1509 799 1542 ὲ
824 1509 982 1553 spiegato
1007 1509 1048 1541 da
1078 1510 1133 1541 cio
1150 1507 1216 1542 che
1241 1508 1259 1542 ὲ
1285 1509 1378 1542 ¹!etto
1404 1519 1590 1552 appresso:

113 1554 284 1600 placebat
302 1561 455 1598 propter
478 1554 554 1588 sola
580 1556 678 1587 vitia.
697 1573 738 1578 -—
764 1555 936 1598 antiquis,
963 1565 992 1585 v.
1019 1556 1041 1595 ξ
1065 1552 1108 1585 40
1128 1564 1158 1585 n.
1179 1564 1197 1586 a
1223 1555 1318 1597 qui...
1340 1554 1590 1596 pertulerunt.

117 1620 159 1625 —
183 1600 431 1638 descenderat,
460 1610 480 1632 a
512 1599 701 1642 esprimere
738 1599 771 1632 la
803 1598 1016 1635 decadenza:
1053 1598 1072 1631 e
1105 1609 1206 1632 meno
1239 1598 1272 1630 di
1305 1598 1523 1642 defluebant.
1547 1617 1591 1622 —

115 1645 198 1680 127.
222 1646 349 1688 foret...
368 1645 617 1688 optandum...‚
634 1648 754 1688 queste
772 1643 890 1688 parole
915 1643 1077 1676 indicano
1101 1643 1341 1677 chiaramente
1366 1643 1432 1677 che
1454 1642 1592 1684 Quinti-

117 1689 211 1723 liano
236 1700 344 1723 aveva
371 1689 476 1723 stima
500 1689 532 1721 di
560 1689 703 1727 Seneca,
740 1693 873 1722 mentre
901 1688 1125 1733 l’imperfetto
1161 1687 1388 1731 congiuntivo
1424 1687 1591 1721 dimostra

116 1734 150 1768 Ia
166 1734 283 1768 vanita
308 1733 362 1768 del
381 1734 552 1767 desiderio
578 1744 638 1778 per
655 1745 770 1767 mezzo
784 1733 817 1766 di
833 1744 907 1766 esse
925 1744 1091 1777 espresso.
1111 1731 1190 1766 Cosl
1216 1733 1239 1765 il
1255 1732 1362 1766 velles
1388 1732 1442 1766 del
1467 1735 1489 1774 ἓ
1520 1732 1590 1765 130.

116 1790 267 1823 —quae
286 1785 440 1823 poterat,
459 1779 639 1823 effingere.
659 1798 699 1803 --
725 1779 845 1811 eodem
875 1779 978 1811 modo
1003 1779 1133 1813 (licere.
1157 1777 1232 1811 cioe
1257 1778 1291 1810 di
1317 1777 1469 1812 scrivere
1493 1787 1592 1811 come

117 1823 262 1863 Seneca,
298 1823 486 1857 s'intensle.
512 1828 643 1867 quanto
676 1822 745 1856 allo
770 1823 859 1856 stile.
884 1841 927 1848 —
964 1824 1178 1866 infamabat,
1211 1822 1473 1866 esagcrandone
1498 1822 1509 1855 i
1534 1822 1589 1855 di-

118 1869 208 1902 setti.
233 1887 276 1892 ——-
379 1869 465 1903 128.
492 1870 642 1911 alioqui,
678 1868 740 1901 cfr.
766 1871 788 1909 ἓ
812 1867 855 1900 64
882 1878 913 1900 n.
943 1886 985 1892 —
1022 1869 1209 1911 inyenimn
1292 1869 1486 1911 copiosum,
1519 1866 1592 1901 cosi

118 1913 198 1952 XII,
226 1911 277 1952 10,
304 1912 362 1945 11:
398 1915 538 1956 copiam
565 1913 729 1946 Senecae.
754 1932 798 1936 —
817 1913 1028 1956 plurimum
1060 1913 1184 1946 studii.
1208 1912 1270 1945 cfr.
1297 1915 1319 1954 ἓ
1347 1911 1429 1945 117:
1454 1913 1593 1955 inqenii

114 1959 338 2004 plurimum.
370 1977 408 1981 —
447 1957 597 1990 multa...
634 1959 799 1999 coqnz'cio,
831 1958 1025 2001 acquistata
1057 1962 1210 2001 appunto
1242 1956 1295 1990 col
1327 1956 1433 1991 molto
1466 1956 1592 1991 studio.

120 2022 161 2029 -
185 2003 339 2048 quibus..
387 2003 596 2042 mandabat,
633 2001 681 2046 gli
708 2002 851 2035 studiosi
884 2002 949 2036 che
974 2002 1043 2046 egli
1074 2002 1272 2035 incaricava
1298 2002 1329 2035 di
1358 2002 1411 2035 far
1435 2001 1593 2036 ricerche

119 2059 181 2093 per
205 2047 324 2081 talune
349 2058 410 2081 sue
434 2057 548 2091 opere.
586 2047 892 2091 particolarmente
923 2057 982 2089 per
1008 2048 1014 2079 i
1048 2047 1126 2080 libri
1155 2047 1397 2080 Naturalium
1421 2049 1594 2091 quaestio-

118 2104 222 2130 num,
246 2093 303 2135 gia
329 2091 511 2126 ricordati:
538 2103 593 2125 ma
619 2091 707 2125 oltre
732 2103 751 2124 a
777 2092 889 2136 questi
916 2094 1048 2125 Seneca
1078 2093 1203 2126 scrisse
1229 2092 1315 2125 varii
1341 2092 1509 2136 opuscoli,
1533 2102 1593 2125 ora

119 2137 268 2182 perduti,
293 2136 326 2170 di
353 2138 487 2170 scienza
515 2136 685 2174 naturale.
718 2147 816 2170 come
841 2137 885 2170 cle
905 2137 1005 2168 Motu
1033 2143 1235 2175 terrarum,
1253 2137 1298 2170 cle
1322 2137 1509 2180 Lepidum
1534 2148 1594 2169 na-

119 2189 216 2220 eura,
241 2182 285 2215 de
312 2182 443 2215 Forma
470 2182 646 2221 mundi...,
672 2192 732 2226 per
757 2182 766 2213 i
793 2181 887 2226 quali
913 2192 1014 2215 senza
1040 2181 1168 2215 dubbio
1186 2179 1400 2226 gli’liisogno
1426 2182 1594 2215 ricorrcre

119 2226 277 2261 all'aiuto
307 2226 340 2259 di
374 2226 574 2271 specialisti.
606 2247 630 2249 ψ
701 2226 784 2260 129.
810 2228 1000 2262 orationes.
1037 2237 1105 2260 non
1140 2226 1171 2260 ci
1202 2238 1263 2260 son
1289 2231 1495 2271 pervenute:
1522 2238 1595 2271 sap-

120 2273 236 2317 piamo
272 2272 338 2305 che
370 2271 543 2315 qualcuna
582 2282 623 2304 ne
652 2282 726 2305 com
754 2282 812 2305 ose
849 2282 910 2316 per
943 2272 1080 2305 Nerone
1116 2272 1194 2314 (cfr.
1220 2272 1302 2305 Tac.
1329 2273 1424 2306 Arm.
1452 2271 1545 2310 XIII,
1574 2271 1596 2305 3

119 2328 138 2351 e
171 2315 230 2355 11;
264 2316 360 2359 xlv,
388 2316 443 2349 11;
480 2327 498 2349 e
523 2315 667 2357 Quintil.
695 2315 723 2347 V
745 2315 784 2350 11.
810 2316 840 2354 5,
867 2316 932 2354 18).
962 2335 1002 2342 —-
1034 2322 1237 2360 poemata...
1270 2317 1419 2359 dialoyi,
1455 2328 1486 2349 v.
1513 2321 1594 2349 nota

119 2373 138 2395 a
165 2361 350 2395 Senecam.
376 2380 418 2387 —
441 2367 623 2405 poemata,
650 2372 716 2393 non
747 2371 829 2405 pare
854 2361 982 2395 dubbio
1007 2362 1073 2395 che
1098 2362 1150 2394 fra
1170 2362 1236 2395 essi
1262 2361 1482 2402 Quintiliano
1506 2372 1598 2394 com-

119 2406 250 2451 prenda
286 2405 318 2439 le
344 2407 521 2450 tragedie:
560 2406 836 2449 probabilmente
868 2406 896 2439 si
923 2406 1080 2440 riferisce
1105 2406 1218 2440 anche
1243 2406 1312 2439 alle
1331 2406 1421 2450 parti
1438 2405 1475 2440 in
1503 2405 1595 2440 versi

119 2451 211 2485 della
236 2451 344 2484 satira
369 2456 488 2485 contro
513 2450 670 2484 Claudio.
697 2452 793 2485 Sotto
821 2451 843 2483 il
871 2462 972 2485 nome
997 2450 1030 2483 di
1062 2451 1192 2485 Seneca
1223 2461 1337 2484 vanno
1367 2462 1454 2494 pure
1479 2450 1596 2484 alcuni

119 2495 339 2540 epigrammi.
376 2516 411 2520 -
454 2495 642 2539 epistulae,
677 2495 766 2529 oltre
798 2495 914 2540 quelle
947 2507 966 2529 a
998 2495 1144 2535 Lucilio,
1184 2496 1245 2528 124
1282 2495 1316 2529 in
1348 2496 1393 2528 20
1425 2496 1516 2536 libri,
1554 2506 1597 2529 ne

119 2542 246 2575 sci-isse
269 2540 370 2577 altre.
395 2541 459 2574 che
485 2551 552 2573 non
580 2540 798 2584 possedi-‘imo
823 2541 882 2585 pili
907 2545 953 2582 (v.
989 2540 1154 2575 Marziale
1191 2539 1264 2575 VII.
1290 2540 1345 2580 45,
1370 2541 1458 2582 3-4).
1485 2560 1525 2565 —
1550 2542 1599 2585 fe-

119 2590 270 2623 rantur.
296 2587 359 2620 cfr.
386 2589 408 2627 ξ
433 2586 493 2617 24ε
519 2586 736 2627 ferebantur
760 2597 778 2618 c
805 2597 839 2618 n.
859 2605 900 2611 -
926 2588 1135 2624 sentenciae,
1162 2597 1192 2618 v.
1219 2588 1240 2625 ξ
1265 2585 1309 2618 50
1334 2597 1365 2618 n.
1391 2606 1433 2610 —-
1451 2596 1598 2619 morum

119 2633 257 2676 qratia.
282 2631 371 2670 cioe,
396 2631 430 2663 in
457 2635 588 2675 quanto
612 2641 696 2668 sono
721 2630 855 2663 morali.
874 2651 912 2654 —
939 2641 989 2667 eo,
1006 2631 1127 2676 (quod.
1143 2629 1375 2669 correlativm
1393 2630 1485 2675 negli
1504 2630 1602 2663 scrit.

190 2709 282 2738 Bassi.
307 2710 422 2744 quintil.
448 2711 531 2734 lnzti't
560 2710 681 2736 orator..
703 2709 735 2735 L.
756 2710 785 2734 X.
809 2713 837 2734 2³
860 2710 929 2735 wliz.
1513 2710 1530 2734 5
