1887 2901
297 86 349 128 86
807 99 939 126 camur
968 100 1024 127 m.
1058 89 1079 135 ς
1106 87 1264 127 26--29

229 186 274 220 26
297 175 437 217 culum
468 176 510 218 et
538 175 678 217 lumen
708 187 834 216 unum
869 175 981 216 velut
1016 177 1142 216 tectos
1179 174 1352 216 maxime
1381 173 1528 218 teneat.
1570 171 1646 216 Sed
1678 186 1770 216 cum

297 241 339 282 in
371 240 479 282 omni
511 240 738 281 studiorum
780 251 938 294 genere,
978 241 1066 280 tum
1098 239 1141 279 in
1172 239 1246 281 hoc
1281 240 1495 293 praecipue
1535 240 1632 280 bona
1665 241 1773 281 vale-

295 304 407 355 tudo,
438 317 622 358 quaeque
652 317 740 345 eam
773 304 946 345 maxime
977 305 1169 357 praestat,
1197 303 1414 358 frugalitas
1445 304 1668 345 necessaria
1698 308 1772 354 est,

295 380 389 410 cum
410 369 591 422 tempora
621 368 671 409 ab
691 367 779 422 ipsa
810 380 942 409 rerum
971 369 1118 408 natura
1148 367 1198 408 ad
1219 367 1400 420 quietem
1430 368 1770 421 refectionemque

295 434 410 474 nobis
440 433 535 474 data
558 433 599 473 in
623 433 865 474 acerrimum
889 433 1067 473 laborem
1098 433 1384 474 convertimus.
1417 431 1491 474 Cui
1526 434 1664 474 tamen
1694 444 1772 475 non

295 498 387 550 plus
417 497 684 551 inrogandum
707 499 767 538 est
797 510 920 549 quam
943 497 1047 549 quod
1079 509 1217 538 somno
1247 498 1460 550 supererit,
1489 496 1599 538 haud
1629 496 1772 539 deerit.

227 569 270 602 27
296 561 441 603 Obstat
470 563 577 604 enim
599 562 837 616 diligentiae
862 561 1062 603 scribendi
1094 561 1217 602 etiam
1251 561 1438 616 fatigatio
1468 563 1508 603 et
1539 561 1712 611 abunde,
1734 561 1768 603 si

295 629 420 676 vacet,
451 627 554 668 lucis
594 627 726 680 spatia
765 626 996 673 sufficiunt;
1033 627 1246 679 occupatos
1286 627 1327 666 in
1362 628 1519 668 noctem
1550 626 1770 668 necessitas

294 692 393 745 agit.
424 692 494 733 Est
525 695 659 732 tamen
691 691 933 741 lucubratio,
965 691 1150 743 quotiens
1181 689 1230 731 ad
1253 703 1342 731 eam
1367 690 1516 745 integri
1548 703 1594 732 ac
1625 690 1767 733 refecti

296 757 492 805 venimus,
523 756 723 809 optimum
756 755 897 796 secreti
929 767 1069 809 genus.

227 825 271 858 28
352 819 429 862 Sed
460 821 670 861 silentium
700 821 740 861 et
771 832 949 861 secessus
988 821 1029 860 et
1058 819 1240 872 undique
1271 819 1376 860 liber
1406 820 1568 861 animus
1599 821 1646 860 ut
1676 821 1773 861 sunt

295 886 470 926 maxime
508 884 695 938 optanda,
726 884 785 925 ita
811 896 889 925 non
920 896 1077 937 semper
1116 885 1284 937 possunt
1308 885 1570 938 contingere3
1600 885 1772 938 ideoque

295 963 371 992 non
403 951 557 1000 statim,
579 951 610 991 si
636 949 734 1002 quid
755 950 971 1003 obstrepet,
1001 949 1201 990 abiciendi
1234 949 1389 991 codices
1420 951 1541 991 erunt
1569 952 1610 991 et
1640 949 1772 1004 deplo-

295 1015 445 1056 randus
475 1015 573 1064 dies,
596 1027 736 1055 verum
768 1013 1034 1055 incommodis
1063 1014 1373 1068 repugnandum
1404 1018 1445 1056 et
1474 1015 1541 1055 hic
1563 1014 1772 1056 faciendus

294 1092 405 1130 usim,
436 1081 483 1120 ut
512 1079 660 1129 omnia,
693 1092 795 1132 quae
825 1079 1060 1131 impedient,
1094 1079 1230 1119 vincat
1260 1079 1451 1126 intentio;
1483 1092 1606 1132 quam
1628 1079 1663 1121 si
1687 1080 1773 1121 tota

295 1146 428 1186 mente
459 1145 500 1185 in
531 1157 629 1198 opus
669 1144 803 1197 ipsum
835 1143 1046 1193 derexeris,
1077 1143 1182 1184 nihil
1220 1156 1372 1193 eorum,
1405 1156 1507 1197 quae
1549 1143 1678 1186 oculis
1709 1144 1772 1185 vel

227 1219 271 1252 29
294 1210 462 1250 auribus
502 1210 723 1257 incursant,
764 1208 813 1249 ad
845 1209 1029 1249 animum
1062 1208 1281 1262 perveniet.
1324 1209 1386 1249 An
1419 1221 1509 1250 vero
1541 1208 1772 1262 frequenter

293 1345 336 1352 -
362 1326 499 1364 lumen,
526 1337 586 1371 per
611 1326 784 1365 bacerna,-
808 1326 871 1359 cfr.
897 1325 969 1359 Cic.
995 1326 1039 1359 de
1065 1326 1185 1358 Divin.
1213 1324 1236 1365 Ι,
1261 1324 1315 1364 36,
1339 1324 1399 1358 79;
1432 1325 1573 1358 lumine
1596 1326 1771 1368 adposito.

294 1391 338 1398 —
363 1372 463 1405 velut
487 1378 602 1410 tectos,
628 1371 782 1414 imagine
808 1370 964 1404 derivata
989 1370 1082 1404 dalle
1101 1371 1184 1404 lotte
1209 1370 1263 1404 dei
1289 1370 1489 1414 gladiatori,
1515 1370 1525 1402 i
1550 1369 1645 1414 quali
1671 1370 1774 1404 dove-

295 1427 385 1450 vano
409 1417 537 1449 badare
563 1428 582 1449 a
608 1420 699 1449 stare
727 1415 791 1449 «al
810 1421 981 1460 coperto»
1008 1416 1062 1449 dei
1088 1415 1180 1460 eolpi
1205 1415 1299 1459 degli
1325 1415 1514 1449 avversari.
1532 1415 1604 1448 Cfr.
1629 1415 1702 1449 Cic.
1727 1416 1773 1449 de

302 1461 401 1495 Orat.
421 1461 444 1499 l,
461 1462 493 1500 8,
509 1461 568 1495 32:
594 1461 684 1505 quid
708 1467 830 1494 autem
850 1467 923 1494 tam
949 1463 1206 1500 necessarium,
1224 1471 1335 1504 quam
1355 1466 1475 1494 tenere
1492 1471 1635 1504 semper
1650 1471 1771 1500 arma,

294 1508 426 1552 quibus
452 1507 509 1540 vel
534 1512 645 1540 tectus
663 1508 738 1550 ipse
761 1517 834 1540 esse
855 1507 970 1549 possis
998 1506 1100 1539 vel
1129 1505 1313 1550 L’opposto
1339 1505 1371 1538 di
1399 1512 1522 1549 tectus,
1547 1516 1613 1540 con
1639 1510 1772 1540 cotesto

295 1562 408 1592 senso,
423 1552 441 1586 e
455 1557 604 1596 apertus
618 1554 664 1589 (v.
675 1551 756 1584 Tac.
769 1551 859 1584 Hist.
870 1550 910 1590 ll,
926 1551 966 1583 21
980 1562 986 1583 ι
1001 1552 1121 1594 aperti
1134 1552 1346 1595 incautique
1361 1561 1484 1583 muros
1497 1551 1665 1592 subiere).
1681 1552 1770 1596 App.

295 1597 371 1630 crit.
386 1618 428 1621 -—
454 1598 618 1630 maxime
633 1613 677 1625 Ξ
689 1597 934 1640 potissimum,
951 1607 970 1629 e
987 1595 1058 1629 cosi
1084 1599 1106 1637 ἓ
1131 1595 1174 1629 ’28
1199 1600 1302 1629 sotto.
1320 1616 1362 1619 —
1416 1596 1480 1630 26.
1503 1606 1637 1639 yenere
1654 1612 1697 1625 =
1714 1607 1773 1629 ra-

296 1644 400 1680 tione,
414 1642 543 1681 modo‚·
567 1642 629 1675 cfr.
648 1642 679 1678 5,
693 1642 723 1674 7.
739 1661 781 1666 -
799 1643 837 1674 in
855 1641 932 1681 hoc,
946 1641 1021 1675 cioe
1038 1641 1246 1674 studiorum
1261 1651 1398 1684 genere
1415 1652 1498 1674 cum
1517 1641 1770 1681 lucum-amus,

295 1687 388 1721 nello
406 1687 540 1720 studiar
556 1687 589 1719 di
611 1691 716 1720 notte.
731 1706 772 1711 —
790 1697 966 1731 quaeque,
985 1685 1219 1719 consecutivo.
1239 1706 1271 1709 —
1288 1686 1501 1729 frzcyrzlicas,
1518 1686 1577 1730 qui
1594 1686 1770 1720 sinonimo

294 1731 327 1764 di
356 1733 608 1776 temperantia,
626 1731 698 1764 vita
717 1732 875 1775 regolare
900 1737 990 1765 sotto
1007 1730 1090 1775 ogni
1118 1731 1270 1775 rispetto,
1297 1731 1414 1775 quella
1439 1731 1505 1764 che
1523 1732 1533 1764 i
1551 1730 1653 1765 Greci
1679 1731 1770 1765 chia-

294 1788 444 1811 muvano
469 1779 716 1820 σωφροσύνη;
735 1777 796 1809 cfr.
823 1775 901 1815 xll,
925 1776 954 1816 1,
971 1776 1007 1809 8:
1030 1788 1106 1819 aye.
1133 1787 1203 1809 non
1229 1776 1277 1808 ad
1297 1776 1536 1819 perferendos
1560 1777 1770 1810 studiorum

296 1823 436 1856 labores
464 1824 668 1855 necessaria
692 1820 923 1866 fruyalitas?
942 1840 983 1846 -
1009 1833 1103 1857 cum,
1129 1820 1281 1859 causale,
1306 1831 1375 1854 non
1394 1820 1602 1865 temporale:
1629 1821 1661 1854 la
1687 1832 1766 1867 pro-

317 1868 468 1901 osizione
492 1879 576 1901 cum
636 1869 880 1901 convertimus
904 1866 1005 1908 (bada
1032 1865 1298 1908 all‘indicativo)
1317 1867 1467 1910 esprime
1486 1866 1518 1899 la
1537 1866 1680 1910 ragione
1697 1866 1770 1901 del-

294 1879 562 1946 Faffermazione
588 1912 653 1946 che
675 1912 837 1956 precede:
864 1922 1028 1956 quaeque
1094 1912 1297 1945 necessaria
1322 1918 1383 1944 esc.
1409 1930 1450 1936 —
1468 1922 1595 1945 rerum
1621 1918 1770 1952 natura,

293 1969 313 1990 v
351 1961 372 1999 ἓ
396 1958 417 1990 4
444 1970 474 1990 u.
501 1977 544 1983 --
569 1960 639 1995 cvi,
666 1959 784 1991 labori
808 1958 1002 1991 scribendi.
1028 1976 1070 1981 —
1090 1957 1350 2000 im-oqandum,
1382 1957 1556 2000 inroyare
1587 1956 1640 1990 col
1665 1957 1771 2002 signi·

292 2003 396 2036 ficato
415 2003 447 2035 di
475 2004 646 2036 tribuere.
667 2003 887 2046 mnpendere.
914 2021 954 2027 —
979 2002 1076 2046 quod
1100 2012 1224 2035 somno
1248 2005 1442 2045 supererit,
1469 2001 1587 2046 parole
1611 2002 1770 2047 spiegate

292 2047 334 2080 da
353 2047 468 2092 quelle
486 2047 551 2081 che
568 2059 723 2092 seguono
749 2048 851 2081 haud
877 2048 992 2081 deerit
1016 2047 1213 2089 (soltinteso
1239 2049 1388 2087 somno),
1405 2047 1471 2080 che
1490 2057 1531 2080 ne
1549 2057 1634 2080 sono
1652 2046 1675 2080 il
1693 2058 1771 2082 con-

293 2094 419 2127 trario:
439 2094 621 2136 supererit
638 2093 803 2136 riguarda
821 2092 846 2125 il
864 2093 1049 2136 superfluo,
1069 2093 1184 2125 deerit
1209 2091 1232 2124 il
1252 2091 1460 2125 necessario.
1482 2091 1596 2125 L'idea
1614 2102 1768 2137 espressn

293 2138 335 2170 da
360 2138 578 2179 Quintiliano
604 2138 622 2172 ὲ
647 2143 780 2181 questa,
806 2138 872 2171 che
898 2138 1007 2171 debba
1033 2138 1171 2171 bastare
1207 2136 1231 2170 il
1269 2142 1383 2181 tempo
1419 2136 1484 2170 che
1516 2141 1768 2181 sopravanzera

292 2183 348 2216 dal
382 2183 544 2220 dormire,
581 2193 600 2216 e
637 2188 744 2227 punto
777 2194 843 2216 non
877 2193 913 2216 se
946 2193 988 2216 ne
1024 2182 1100 2215 rubi
1133 2183 1165 2215 al
1203 2192 1324 2215 sonno.
1360 2200 1403 2207 —
1507 2182 1569 2216 27.
1602 2183 1634 2216 si
1671 2190 1770 2217 vacet

291 2228 368 2272 (cfr.
397 2228 426 2268 1,
451 2228 510 2261 58:
537 2229 703 2267 vacabit),
729 2234 930 2272 occupatos,
961 2227 996 2260 in
1022 2227 1365 2272 contrapposizione:
1397 2233 1598 2270 occupatos,
1622 2227 1770 2262 dui-ante

292 2272 315 2306 il
342 2273 475 2312 giorno.

337 2318 404 2352 28.
433 2319 603 2363 undique,
621 2318 697 2351 cioe
724 2331 741 2349 «
757 2318 876 2351 affatio
894 2332 922 2349 »‚
937 2337 980 2343 —
1005 2319 1164 2357 animus,
1191 2317 1265 2350 noi:
1291 2324 1299 2335 ⁸
1314 2316 1466 2361 spirito'.
1482 2337 1522 2341 —
1541 2323 1592 2357 ut,
1610 2318 1672 2356 ita,
1689 2329 1720 2351 v.
1742 2318 1770 2358 1,

296 2363 309 2396 1
340 2374 371 2396 n.
404 2384 435 2387 -.
465 2364 613 2403 codices,
638 2363 806 2408 quaderni
833 2374 852 2395 ο
879 2362 1044 2396 tavolette
1070 2363 1110 2395 (la
1136 2362 1302 2401 scrivere,
1326 2373 1425 2396 come
1450 2365 1472 2403 ἓ
1497 2361 1550 2395 32.
1575 2381 1619 2388 —
1642 2363 1768 2408 deplo-

292 2410 445 2446 randus,
474 2408 631 2442 «dolersi
658 2408 691 2441 di
719 2419 803 2442 aver
829 2407 1006 2452 perduto...
1025 2422 1055 2439 ».
1074 2407 1326 2451 —farciendus
1352 2419 1451 2450 usus,
1476 2407 1539 2440 cfr.
1565 2410 1587 2448 g
1611 2408 1649 2442 3:
1676 2410 1771 2442 vires

290 2456 473 2498 faciamus
499 2465 516 2487 e
542 2465 573 2486 n.
590 2473 632 2478 —
657 2455 821 2493 intentio,
849 2454 977 2486 mentis
1003 2458 1039 2494 (ᾗ
1064 2453 1132 2491 20).
1147 2472 1189 2478 -
1210 2459 1326 2485 mene:
1345 2453 1462 2496 ipsum
1481 2452 1682 2492 ‹leo-emeris,
1706 2453 1770 2487 cfr.

291 2499 363 2539 2,1
394 2511 412 2532 e
438 2510 469 2532 n.
503 2518 546 2524 —
582 2498 697 2533 oculis
735 2500 936 2536 incursant.
973 2499 1189 2542 espressione
1224 2498 1281 2542 piu
1315 2498 1454 2531 robusta
1488 2497 1554 2530 clie
1589 2498 1702 2532 l'altra
1732 2502 1770 2532 in

291 2544 462 2578 oculos..
483 2546 683 2577 incurrunt
715 2543 768 2577 del
796 2548 817 2582 ξ
848 2543 898 2576 16.
937 2543 1045 2576 1Λίκο
1079 2543 1130 2576 (101
1169 2543 1286 2575 ‹latix-0
1318 2542 1336 2575 e
1360 2542 1500 2587 proprio
1532 2541 1622 2576 della
1650 2542 1770 2588 lingua

292 2594 427 2636 poetica
468 2610 503 2613 --
558 2591 619 2624 29,
648 2601 695 2622 an
722 2600 805 2622 vero
830 2589 906 2622 (cfr.
931 2588 962 2629 2,
988 2589 1010 2621 5
1026 2599 1044 2621 e
1063 2595 1120 2632 n.),
1148 2601 1165 2621 ι
1184 2599 1252 2622 non
1277 2588 1424 2622 avvienc
1452 2588 1610 2622 forse...'.‘
1629 2603 1715 2622 ».—
1739 2596 1772 2624 et
