1887 2901
668 84 799 154 enin
829 126 855 153 1.
886 113 908 162 g
936 108 1094 151 86—'87
1565 107 1611 147 41

143 204 395 247 entissimum
426 200 584 243 dederit
612 199 833 248 exordium,
863 198 1046 241 omnium
1086 196 1174 238 eius
1213 195 1372 249 generis
1405 194 1623 248 poetarum-

144 280 378 324 graecorum
424 274 730 317 nostrorumque
775 263 908 317 haud⁴
936 263 1058 304 dubie
1097 261 1314 316 proximus.
1364 259 1466 301 Utar
1507 258 1613 299 enim
1639 269 1683 301 so

146 334 278 376 verbis
306 331 448 380 isdem,
480 342 582 384 quae
613 342 658 371 ex
689 329 789 371 Afro
819 328 998 370 Domitio
1034 326 1191 368 iuvenis
1226 324 1374 378 excepi,
1411 323 1481 377 qui
1513 321 1615 363 mihi

146 396 424 452 interroganti,
435 407 557 448 quem
573 394 749 435 Homero
766 392 942 434 crederet
957 391 1129 432 maxime
1151 389 1350 439 accedere,
1361 392 1371 410 ‘
1382 385 1617 434 secundus'‚

146 462 294 516 inquit,
325 463 413 503 ‘est
442 459 665 514 Vergilius,
697 458 854 513 propior
886 460 1019 498 tamen
1051 456 1181 510 primo
1212 467 1333 508 quam
1369 453 1490 494 tertio
1511 451 1534 492 ’.
1566 451 1619 491 Et

146 525 308 569 hercule
338 527 385 566 ut
414 524 478 565 illi
512 525 677 565 naturae
709 523 874 565 caelesti
899 524 1020 574 atque
1042 518 1265 561 immortali
1287 517 1537 565 cesserimus,
1560 516 1617 556 ita

146 603 266 634 curae
295 592 335 632 et
365 589 603 644 diligentiae
634 588 694 629 vel
718 587 807 629 ideo
828 588 867 628 in
890 587 963 628 hoc
985 585 1077 639 plus
1097 588 1169 633 est,
1193 583 1298 637 quod
1319 582 1459 624 ei'fuit
1488 581 1618 635 magis

146 654 426 703 laborandum,
457 655 497 696 et
527 654 725 706 quantum
757 651 1030 693 eminentibus
1052 650 1266 697 vincimur,
1289 647 1454 688 fortasse
1471 657 1619 699 aequa-

147 720 264 761 litate
295 731 521 773 pensamus.
554 718 684 758 Ceteri
722 729 857 758 omnes
891 715 1008 769 longe
1043 714 1273 767 sequentur.
1305 711 1409 752 Nam
1441 710 1620 751 Macer

146 786 189 826 et
217 783 501 825 Lucretius
531 781 690 833 legendi
729 780 907 834 quidem.
948 779 1015 820 sed
1055 791 1131 820 non
1173 780 1219 819 ut
1258 777 1434 828 φράσιν,
1477 775 1519 816 id
1559 777 1620 816 est

147 860 291 902 corpus
320 846 573 899 eloquentiae
605 845 769 895 faciant,
799 845 1004 899 elegantes
1034 844 1074 884 in
1112 855 1183 883 sua
1224 842 1395 895 quisque
1436 841 1619 886 materia,

147 913 216 955 sed
247 913 352 954 alter
382 912 564 957 humilis,
596 911 699 952 alter
729 909 922 951 difficilis.
970 908 1230 950 Atacinus
1272 906 1430 947 Varro
1474 905 1514 945 in
1557 905 1621 951 iis,

148 1033 375 1065 carissimum
442 1032 652 1067 exordium,
676 1030 775 1075 quasi
802 1029 836 1062 in
851 1027 1140 1072 corrispondenza
1159 1039 1177 1059 a
1205 1029 1282 1063 rite,
1297 1026 1391 1060 detto
1408 1036 1427 1058 a
1447 1025 1623 1069 proposito

149 1077 182 1110 di
208 1077 335 1111 Omero
359 1076 432 1110 solo
456 1079 492 1118 (ἓ
517 1076 585 1115 46).
611 1075 682 1109 Cfr.
706 1075 787 1108 Tac.
804 1073 926 1107 Germ.
941 1073 992 1106 11:
1017 1073 1168 1116 ayendis
1195 1073 1301 1106 rebus
1326 1071 1390 1104 hoc·
1414 1071 1624 1113 auspicatis-

148 1123 284 1155 simum
311 1123 458 1154 initium
483 1122 647 1155 credunt.
671 1140 713 1145 —
735 1121 942 1163 pron-imus,
961 1129 979 1151 a
998 1117 1232 1158 Omer01v.§
1257 1117 1300 1149 53
1324 1127 1343 1149 e
1368 1127 1401 1149 n.
1418 1114 1545 1156 (anche
1563 1126 1624 1158 per

151 1167 335 1200 secundus
365 1166 431 1199 che
455 1170 586 1209 segue).
617 1167 706 1209 App.
731 1164 807 1198 crit.
832 1183 874 1188 —
934 1163 997 1197 86.
1028 1164 1118 1205 Afro
1146 1162 1314 1200 Domitio,
1339 1161 1401 1194 cfr.
1427 1164 1449 1202 ἓ
1477 1159 1551 1192 118.
1583 1179 1624 1184 -—

149 1213 285 1255 excepi,
303 1211 392 1243 ‘udii
417 1210 697 1244 dii-ettamente'.
722 1228 765 1234 —
789 1209 1014 1242 secundus...
1030 1210 1144 1245 tertio,
1171 1208 1195 1239 il
1220 1206 1418 1250 significato
1443 1205 1478 1238 di
1503 1211 1623 1250 queste

150 1257 269 1300 parole
287 1257 306 1289 e
329 1256 352 1288 il
371 1260 556 1299 segnente:
582 1254 808 1299 supponendo
834 1253 867 1286 vi
894 1253 995 1286 abbia
1023 1264 1066 1285 un
1094 1257 1206 1296 poeta,
1232 1251 1255 1284 il
1281 1251 1385 1295 quale
1414 1261 1474 1294 per
1499 1251 1624 1284 merito

152 1313 252 1346 possa
275 1312 390 1335 essere
425 1301 642 1334 considerato
673 1310 772 1333 come
807 1304 898 1332 terzo
929 1297 1017 1342 dopo
1049 1297 1174 1330 Omero
1200 1307 1218 1330 e
1244 1295 1404 1340 Virgilio,
1430 1295 1581 1339 Virgilio
1607 1294 1624 1328 e

152 1347 209 1390 piii
237 1345 352 1379 vicino
376 1357 395 1378 a
420 1345 546 1379 Omero
571 1345 636 1379 che
661 1355 681 1377 a
705 1348 838 1378 cotesto
863 1348 954 1377 terzo
982 1348 1091 1386 poeta.
1125 1361 1167 1367 —
1206 1347 1258 1384 ut,
1284 1342 1371 1385 App.
1398 1340 1474 1373 crit.
1500 1360 1542 1364 ——
1568 1339 1626 1372 illi

151 1397 318 1424 naturae.
333 1416 353 1429 .,
381 1389 456 1423 cioe
485 1390 628 1428 omero:
653 1395 789 1422 natura
816 1387 872 1422 nel
897 1398 998 1420 senso
1023 1387 1057 1420 di
1083 1388 1285 1431 itzyenizem,
1312 1396 1409 1419 come
1434 1388 1456 1426 ,ξ
1483 1384 1557 1417 131.
1583 1403 1626 1409 -

150 1435 306 1475 caelesti,
331 1446 362 1467 v.
391 1435 422 1471 ⁶2,
450 1434 502 1467 18.
527 1453 569 1460 —
605 1436 829 1471 cesserimus,
864 1434 1059 1472 vincimur,
1094 1442 1300 1474 pensamus,
1327 1430 1383 1464 noi
1410 1429 1571 1463 Romani.
1599 1428 1623 1462 ll

151 1479 286 1525 plurale
310 1479 345 1513 in
365 1484 487 1525 questo
504 1490 584 1513 caso
609 1479 627 1513 ἐ
652 1484 752 1513 usato
776 1477 889 1512 anche
913 1480 961 1519 gg
985 1476 1040 1518 93,
1064 1476 1119 1516 99,
1139 1476 1220 1509 107:
1245 1476 1307 1509 cfr.
1333 1478 1355 1517 ξ
1382 1474 1456 1508 1Ο1;
1482 1475 1626 1508 cesserit

97 1552 103 1558 .
149 1537 169 1560 e
193 1528 216 1567 S
242 1524 326 1559 108:
350 1525 561 1559 cedendum.
590 1544 628 1548 —
655 1535 776 1558 curae,
801 1534 832 1556 v.
858 1525 880 1564 g
905 1523 926 1556 8
950 1533 984 1555 n.
1013 1543 1051 1546 —-
1078 1523 1194 1565 magis
1219 1521 1476 1559 laborandum,
1501 1519 1624 1563 l’epica

151 1581 293 1604 romana
311 1570 455 1604 essendo
469 1569 502 1602 di
517 1581 580 1603 sua
604 1574 727 1602 natura
755 1578 856 1602 meno
881 1567 1044 1612 popolare
1069 1567 1134 1600 che
1159 1566 1247 1611 peri
1273 1565 1374 1600 Greci
1400 1576 1469 1599 non
1483 1565 1573 1598 fosse
1595 1567 1624 1597 la

150 1615 235 1652 loro,
254 1625 333 1649 vera
351 1615 531 1649 creazione
555 1613 646 1648 della
672 1613 823 1647 fantasia
848 1612 903 1646 del
928 1612 1065 1656 popolo.
1090 1623 1109 1645 3
1128 1611 1279 1656 Virgilio
1303 1621 1444 1644 occorse
1467 1609 1627 1654 maggior

149 1660 298 1694 artifizio
322 1659 388 1694 che
413 1671 432 1693 a
457 1661 583 1693 Omero
607 1670 668 1704 per
692 1659 755 1692 dar
781 1659 855 1691 vita
879 1657 934 1691 col
964 1668 1064 1691 verso
1089 1657 1158 1691 alle
1182 1655 1323 1690 antiche
1348 1655 1531 1689 tradizioni
1558 1655 1624 1695 leg:

150 1705 328 1750 gendarie,
353 1716 372 1738 a
397 1705 454 1738 eui
480 1705 507 1737 si
534 1705 728 1738 riconnette
754 1703 787 1737 la
820 1702 928 1736 storia
953 1702 988 1735 di
1011 1702 1134 1736 Roma.
1160 1721 1202 1727 —
1227 1701 1479 1739 eminentibus,
1504 1705 1626 1734 neutro

150 1761 215 1784 con
234 1749 352 1783 valore
370 1750 404 1782 di
429 1750 622 1784 sostantivo
647 1749 725 1791 (cfr.
751 1752 774 1790 ,ξ
794 1748 853 1781 63:
881 1748 1111 1789 maioribus):
1135 1746 1354 1788 Quintiliano
1378 1755 1532 1779 accenna
1558 1744 1626 1777 alle

152 1795 241 1839 parti
268 1794 326 1839 piu
344 1794 524 1838 splendide
549 1793 640 1828 delle
664 1804 794 1838 epopee
818 1791 1007 1829 omeriche,
1031 1791 1147 1836 quelle
1172 1791 1237 1825 che
1257 1791 1380 1824 Orazio
1404 1792 1460 1829 (A.
1481 1790 1523 1822 P.
1551 1789 1627 1830 144)

151 1839 293 1873 chiama
315 1840 471 1884 speciosa
498 1839 692 1873 miracula.
717 1857 760 1863 —
784 1837 1016 1882 aequalitate.
1040 1848 1071 1869 v.
1097 1840 1119 1878 ἓ
1143 1837 1186 1869 54
1205 1848 1237 1869 n.
1263 1847 1282 1869 a
1309 1836 1566 1868 mediocritate.
1585 1855 1627 1858 —

151 1885 258 1927 lonqe
284 1890 492 1929 sequentur,
509 1884 571 1917 cfr.
587 1887 609 1925 ἓ
633 1883 697 1917 96:
724 1883 830 1926 lonye
850 1883 1085 1926 praecedunt.
1113 1884 1202 1926 App.
1220 1881 1295 1915 crit.
1311 1901 1353 1905 ——
1401 1881 1463 1914 87.
1492 1880 1627 1917 Macer,

152 1928 334 1962 Aemilius
362 1928 417 1971 (E.
442 1929 587 1969 Macro),
613 1928 645 1960 di
672 1928 821 1962 Verona.
854 1931 1146 1971 contemporaneo
1176 1938 1195 1960 e
1228 1926 1340 1960 amico
1372 1925 1406 1958 di
1434 1924 1585 1969 Virgilio
1609 1936 1628 1958 e

151 1973 185 2006 di
219 1973 354 2014 Ovidio,
388 1978 499 2008 morto
523 1973 546 2006 il
572 1973 707 2016 738116,
740 1978 861 2006 autore
892 1971 948 2005 dei
982 1972 1095 2015 poemi
1128 1970 1329 2004 didascalici
1363 1970 1627 2014 Ornithoyonia

150 2018 257 2058 (sulla
281 2018 512 2063 generazione
544 2017 637 2062 degli
663 2018 802 2054 uccelli)
838 2028 856 2051 e
889 2017 1065 2050 Theriaca
1100 2017 1304 2059 (Θηριακὰ),
1331 2016 1423 2050 forse
1456 2015 1569 2048 anche
1593 2015 1627 2046 ‹li

151 2074 198 2097 nn
225 2074 347 2108 poema
371 2063 534 2097 botanico
558 2063 602 2097 de
627 2063 760 2098 Herbis
777 2066 789 2104 (
806 2063 1109 2105 Αλεξιφάρμακα),
1128 2062 1183 2095 nei
1201 2061 1296 2105 quali
1323 2071 1422 2105 prese
1441 2072 1458 2093 a
1478 2059 1629 2094 modello

151 2108 330 2143 Nicandro
354 2111 400 2149 (v.
419 2111 442 2149 ἓ
466 2108 534 2147 56).
559 2128 602 2132 -
627 2108 832 2141 Lucretius.
865 2107 900 2139 T.
925 2106 1040 2139 Carus
1063 2107 1117 2144 (T.
1145 2106 1310 2139 Lucri—zio
1333 2105 1449 2145 Caro).
1474 2116 1630 2143 romano,

151 2153 286 2187 vissuto
309 2152 366 2186 dal
391 2152 518 2195 658596
541 2163 561 2187 o
584 2152 714 2196 655190
736 2154 770 2185 al
794 2151 934 2195 69955.
970 2152 1102 2185 Scrisse
1127 2151 1151 2184 il
1177 2162 1298 2194 poema
1325 2152 1370 2184 de
1395 2151 1533 2185 Rerum
1559 2161 1629 2182 na-

152 2205 250 2238 tura,
275 2198 310 2231 in
336 2197 385 2232 sei
411 2197 503 2237 libri,
527 2197 742 2242 esposizione
767 2196 858 2231 della
885 2197 1028 2230 filosofi-a
1056 2196 1235 2241 epicurea:
1261 2207 1366 2240 opera
1391 2196 1425 2228 di
1453 2197 1517 2230 ben
1537 2206 1630 2239 mag-

150 2243 250 2288 giore
276 2243 490 2287 importanza
517 2242 582 2276 che
607 2253 675 2276 non
700 2243 882 2287 apparisca
908 2241 998 2275 dalle
1024 2242 1142 2286 parole
1167 2241 1201 2274 di
1226 2240 1456 2282 Quintiliano.
1482 2241 1531 2274 Fu
1557 2240 1632 2273 imi-

151 2293 224 2322 tato
248 2287 291 2321 da
318 2287 470 2332 Virgilio
494 2298 514 2321 e
538 2287 581 2321 da
605 2287 741 2321 Orazio.
769 2307 808 2312 -—
834 2288 980 2330 φράσιν,
1018 2298 1048 2319 v.
1074 2290 1097 2328 ξ
1113 2286 1157 2319 42
1174 2297 1192 2320 e
1216 2297 1247 2319 n,
1278 2305 1321 2311 —
1345 2286 1441 2320 alter
1469 2286 1630 2320 humilis.

152 2333 289 2373 Macer,
313 2337 445 2378 quanto
470 2332 540 2365 allo
564 2332 657 2367 stile.
683 2343 738 2365 ma
765 2331 982 2365 l'leumilicas
1014 2343 1073 2365 vra
1098 2331 1196 2376 quasi
1215 2331 1373 2364 inei-ente
1399 2330 1468 2364 alle
1485 2331 1631 2365 materie

155 2382 266 2412 stesse
290 2389 389 2423 prese
415 2389 434 2411 3
461 2382 616 2411 trattare.
642 2396 683 2402 —
708 2377 880 2421 difficilis,
905 2376 1058 2420 giudizio
1074 2376 1154 2410 dato
1179 2375 1302 2410 anche.
1329 2376 1379 2409 fra
1405 2376 1454 2420 gli
1479 2375 1572 2419 altri,
1588 2376 1631 2408 da

150 2422 338 2458 Cicerone:
363 2423 426 2457 cfr.
453 2422 502 2456 ad
532 2421 653 2458 Quint.
677 2423 728 2465 fr.
756 2421 797 2461 ll,
825 2421 876 2461 11,
901 2424 932 2455 4.
950 2441 992 2447 -
1018 2423 1197 2455 Atacinus
1222 2421 1348 2463 Varro,
1376 2421 1418 2454 P.
1445 2421 1634 2455 Terentius

149 2468 206 2507 (Ρ.
221 2467 390 2503 Terenzio
404 2468 563 2501 Varrone
583 2468 758 2509 Atacino).
783 2467 816 2500 di
844 2467 935 2501 Atax
962 2466 1055 2500 nella
1080 2466 1194 2500 Gallia
1221 2466 1433 2501 Narbone-se.
1457 2465 1631 2509 672s82—

149 2512 285 2549 717137.
311 2513 485 2546 Tradusse
511 2514 708 2555 (interpres
731 2513 850 2556 operis
873 2512 1001 2552 alieni)
1028 2512 1060 2545 le
1080 2512 1354 2554 Arfsonaneiche
1380 2511 1414 2544 di
1445 2511 1633 2555 Apollonio

150 2557 262 2592 Rodio
278 2560 315 2599 (ἓ
333 2559 389 2598 54)
407 2570 426 2592 e
440 2561 553 2591 Arato
570 2560 607 2599 (ἓ
631 2557 699 2590 55η
717 2568 879 2602 compose
897 2569 941 2590 un
965 2568 1085 2601 poema
1104 2557 1202 2600 epico
1219 2556 1363 2589 Bellum
1382 2557 1634 2600 sequanicum,

146 2613 167 2637 e
202 2603 404 2649 prendendo
441 2615 461 2637 a
501 2601 650 2636 modello
690 2601 906 2643 Eratostene,
943 2613 1011 2636 uno
1044 2601 1265 2636 didascalico.
1298 2601 1571 2637 Chorooravhia
1613 2611 1634 2635 ο
