1887 2901
688 99 832 138 cnm·
859 111 917 138 vr.
948 98 970 146 ἓ
997 96 1100 136 5-7
1562 96 1637 137 103

224 182 302 227 Sed
339 183 373 226 si
413 183 514 226 forte
550 183 678 237 aliqui
721 184 827 226 inter
864 184 1078 226 dicendum
1119 182 1316 225 offulserit
1355 183 1638 236 extemporalis
1661 186 1683 219 5

166 249 288 298 color,
307 262 384 291 non
405 249 683 301 superstitiose
699 249 890 303 cogitatis
911 248 1073 290 demum
1095 252 1155 289 est
1174 247 1477 289 inhaerendum.
1496 247 1636 300 Neque

164 314 274 355 enim
305 314 465 354 tantum
498 313 649 354 habent
678 325 810 361 curae,
836 314 882 354 ut
901 324 977 353 non
1000 313 1054 353 sit
1073 312 1229 353 dandus
1249 314 1290 353 et
1310 311 1492 353 fortunae
1512 311 1638 360 locus,

165 391 259 420 cum
287 389 406 431 saepe
434 377 558 418 etiam
590 377 752 430 scriptis
782 389 841 426 ea,
863 389 966 429 quae
986 376 1120 417 subito
1141 378 1236 417 nata
1256 377 1363 424 sunt,
1394 375 1635 417 inserantur.

165 441 339 496 Ideoque
367 443 498 483 totum
530 442 603 483 hoc
624 441 920 483 exercitationis
940 453 1066 495 genus
1087 441 1145 481 ita
1166 439 1463 481 instituendum
1485 442 1558 489 est,
1589 443 1638 480 ut

162 508 204 548 et
232 505 389 561 digredi
420 519 464 547 ex
495 519 540 547 eo
569 508 610 547 et
640 505 796 560 regredi
827 505 870 545 in
899 504 940 545 id
973 504 1091 546 facile
1114 505 1326 558 possimus.
1348 504 1454 545 Nam
1484 507 1531 546 ut
1559 505 1634 558 pri·
1659 510 1682 544 6

162 584 277 613 mum
306 573 367 613 est
396 570 513 611 domo
543 570 697 612 adferre
728 571 911 623 paratam
943 569 1101 611 dicendi
1134 569 1288 622 copiam
1321 571 1361 610 et
1390 570 1556 618 certam,
1578 569 1636 610 ita

163 635 338 677 refutare
367 635 561 688 temporis
590 647 758 676 munera
788 634 906 688 longe
937 634 1229 675 stultissimum
1265 636 1336 675 est.
1369 633 1500 685 Quare
1529 633 1635 688 cogi-

123 714 129 718 ·
162 699 264 740 tatio
293 698 335 739 in
366 699 438 740 hoc
469 700 741 752 praeparetur,
773 700 819 739 ut
860 711 929 739 nos
969 698 1129 740 fortuna
1169 698 1350 751 decipere
1386 710 1461 739 non
1498 698 1636 751 possit,

161 763 354 805 adiuvare
384 764 521 817 possit.
554 763 599 804 Id
631 764 768 804 autem
802 763 874 804 fiet
908 763 1124 804 memoriae
1146 763 1314 813 viribus,
1339 763 1386 803 ut
1416 762 1502 811 illa,
1533 774 1635 814 quae

160 827 358 882 complexi
389 828 523 869 animo
553 840 706 877 sumus,
737 827 867 868 fluant
906 840 1058 877 secura,
1095 840 1170 869 non
1207 827 1403 869 sollicitos
1438 828 1478 868 et
1512 826 1638 879 respi-

161 893 314 934 cientes
343 895 382 934 et
413 905 493 934 una
522 905 591 946 spe
612 905 822 946 suspensos
844 893 1130 934 recordationis
1151 905 1225 933 non
1252 892 1389 933 sinant
1408 890 1635 945 providere:

161 956 314 1010 alioqui
345 956 407 998 vel
438 956 750 1010 extemporalem
781 957 1052 998 temeritatem
1085 957 1192 997 malo
1222 968 1344 1009 quam
1368 956 1473 997 male
1494 955 1637 997 cohae-

161 1023 315 1063 rentem
338 1021 636 1074 cogitationem.
656 1021 778 1062 Peius
800 1022 907 1062 enim
931 1022 1142 1074 quaeritur
1163 1024 1371 1070 retrorsus,
1402 1021 1510 1074 quia,
1537 1019 1632 1061 dum
1660 1025 1681 1058 7

160 1085 236 1126 illa
266 1085 554 1135 desideramus,
586 1086 636 1127 ab
666 1086 760 1127 aliis
791 1086 1026 1135 avertimur,
1049 1088 1153 1128 etex
1187 1086 1379 1127 memoria
1411 1086 1544 1139 potius
1574 1097 1636 1126 res

159 1150 339 1204 petimus
377 1163 500 1204 quam
537 1163 582 1192 ex
624 1151 806 1191 materia.
848 1151 975 1191 Plura
1021 1153 1115 1192 sunt
1158 1153 1318 1200 autem,
1358 1151 1391 1192 si
1431 1150 1635 1203 utrimque

161 1214 434 1268 quaerendum
467 1216 540 1263 est,
563 1228 664 1268 quae
689 1215 861 1256 inveniri
883 1217 1049 1268 possunt
1070 1228 1191 1268 quam
1219 1227 1321 1269 quae
1343 1215 1506 1256 inventa
1528 1216 1634 1256 suut.

13 957 38 1328 ··Ἣ*Νενν;νηῦψ
18 746 42 949 w-gssyffizq-g.
32 695 36 698 ,

163 1332 228 1366 bus
239 1333 481 1375 coyitaoisset.
498 1331 572 1365 Hoc
585 1333 799 1366 adiumento
813 1332 876 1365 ille
892 1338 990 1365 tanto
1003 1334 1054 1366 sic
1068 1333 1302 1372 utebatur,ut
1324 1344 1391 1366 sua
1416 1338 1449 1365 et
1462 1343 1636 1366 commen—

163 1382 239 1410 tata
263 1384 298 1410 et
309 1379 445 1421 scripta
459 1383 493 1410 et
505 1377 610 1410 nullo
625 1379 804 1420 referente
817 1379 941 1410 omnia
954 1378 1255 1412 adversariorum
1280 1378 1378 1410 dicta
1404 1379 1635 1411 meminisset.

160 1422 191 1455 A
207 1421 383 1466 proposito
399 1421 491 1456 della
506 1422 673 1456 memoria
685 1421 718 1455 di
733 1421 794 1455 lui.
809 1422 952 1461 Seneca,
967 1422 991 1454 il
1007 1427 1131 1465 retore,
1146 1422 1399 1464 narra(Contr.
1413 1423 1437 1461 l,
1449 1425 1566 1466 praefi
1582 1422 1637 1463 19)

162 1465 188 1500 il
217 1472 386 1510 seguente
410 1466 603 1500 aneddotO:
630 1467 883 1501 Hortensius...
921 1478 943 1499 a
980 1467 1135 1500 Sisenna
1159 1473 1378 1511 provocatus
1406 1469 1443 1500 in
1472 1469 1638 1501 auctione

157 1511 322 1555 persedit
345 1512 441 1545 diem
466 1517 582 1545 totum
606 1518 641 1545 et
664 1523 787 1546 omnes
822 1523 880 1546 res
905 1518 939 1545 et
971 1514 1094 1555 pretia
1130 1520 1163 1545 et
1198 1518 1374 1556 emptores
1409 1513 1539 1546 ordine
1572 1523 1638 1546 suo

160 1558 387 1600 argentariis
410 1558 759 1600 recoynoscentibus,
789 1558 840 1589 ita
867 1563 907 1589 ut
931 1558 969 1589 in
994 1557 1099 1591 nullo
1134 1557 1343 1601 falleretur,
1366 1559 1561 1591 recensuit.
1593 1558 1638 1591 Al

11 1433 40 1553 «wrm
12 1394 22 1415 ⁸

160 1601 250 1635 fatto
273 1612 430 1635 accenna
454 1601 568 1635 anche
603 1602 822 1642 Quintiliano
857 1601 920 1640 xl,
954 1601 986 1637 2.
1022 1602 1076 1635 24.
1108 1622 1152 1626 —
1175 1613 1270 1646 quae
1291 1604 1573 1647 coyitaverant...
1600 1606 1638 1635 in

160 1646 315 1696 agendo,
339 1651 422 1681 nota
447 1646 695 1691 l'opposizione
721 1647 773 1679 fra
798 1646 832 1680 la
856 1648 1026 1689 coyitatio
1051 1658 1069 1680 e
1095 1646 1222 1682 l'actio.
1249 1667 1291 1673 —
1315 1648 1364 1681 ad
1388 1649 1552 1688 verbum,
1579 1647 1635 1682 noi

161 1690 328 1730 drenamoe
355 1690 498 1736 ‘parola
524 1702 586 1735 per
611 1691 764 1735 parola',
788 1702 823 1725 o:
850 1691 942 1724 ‘alla
968 1692 1090 1725 lettera
1105 1691 1123 1723 '.

205 1736 242 1770 5.
266 1737 300 1770 si
364 1736 494 1780 aliqui.
513 1747 544 1768 v.
569 1736 601 1775 2,
619 1736 662 1769 23
679 1747 712 1769 n.
730 1736 773 1769 ad
788 1737 958 1770 alicuius.
979 1756 1015 1760 -
1035 1737 1296 1780 extemporalis
1311 1737 1420 1775 color,
1443 1736 1637 1782 ‘(qualche)

161 1780 396 1824 inspirazione
420 1780 603 1814 subitanea
615 1781 634 1816 ¹.
659 1780 856 1825 ⁴(qualche)
881 1785 986 1814 tratto
1011 1781 1250 1826 improvviso':
1278 1781 1378 1816 l'idea
1395 1782 1487 1816 della
1511 1782 1638 1815 subita-

162 1825 258 1859 neita
282 1826 302 1860 ὁ
326 1825 607 1871 nell‘offulserit.
633 1825 700 1859 Per
725 1826 984 1869 extemporalis
1007 1827 1072 1859 cfr.
1090 1829 1112 1867 ἓ
1139 1827 1176 1858 1:
1201 1828 1535 1871 extemporalem
1565 1829 1640 1870 sor-

163 1876 295 1904 tunam
321 1881 340 1903 e
366 1881 409 1908 n.;
436 1881 498 1914 per
520 1870 631 1908 color,
657 1871 686 1909 1,
710 1870 754 1903 59
771 1881 789 1904 e
807 1882 838 1904 n.
859 1890 890 1894 -
917 1873 1164 1915 superstitiose
1186 1873 1245 1908 (va
1261 1882 1325 1906 con
1345 1873 1639 1914 inhaerendum),

162 1915 489 1960 ‘pedamemente’;
513 1914 583 1949 cosi
610 1915 633 1951 1,
660 1915 690 1954 1,
717 1915 778 1949 13:
804 1926 875 1949 non
891 1916 1002 1949 ..hoc
1013 1916 1103 1950 adeo
1139 1918 1385 1960 superstitiose
1410 1919 1494 1961 fieri
1517 1916 1637 1951 velim.

161 1978 206 1986 —
230 1960 380 1994 demum
396 1976 441 1989 =
459 1966 614 1993 tantum:
633 1971 664 1993 v.
691 1960 720 2000 1,
747 1960 859 1993 44.-
876 1960 1018 2001 habent,
1042 1963 1638 2006 soggettozcoyitata.—fortunae,

161 2004 459 2050 &propriamente
498 2005 529 2038 13
566 2005 825 2048 extemporalis
857 2007 1021 2048 fortuna,
1046 2006 1080 2039 di
1105 2006 1162 2039 cui
1197 2007 1216 2040 e
1240 2007 1334 2041 detto
1359 2018 1461 2052 sopra
1491 2010 1514 2049 g
1540 2007 1569 2040 1.
1595 2027 1638 2032 —

161 2051 322 2094 scriptis,
348 2061 368 2084 e
391 2061 491 2084 come
517 2050 578 2082 tali
603 2060 709 2094 opera
733 2049 768 2083 di
794 2050 1043 2085 meditazioue:
1067 2051 1120 2085 cio
1145 2061 1212 2084 non
1238 2056 1373 2086 ostante
1390 2052 1503 2086 anche
1519 2052 1554 2085 in
1571 2052 1639 2086 essi

162 2095 193 2128 si
217 2095 317 2129 suole
341 2095 488 2129 inserire
514 2095 546 2128 le
571 2094 647 2128 idee
666 2094 731 2128 che
749 2106 912 2139 vengono
930 2095 1215 2140 alrimprovviso.
1237 2115 1280 2122 —
1296 2098 1424 2138 subito,
1437 2109 1470 2130 v.
1482 2098 1513 2135 3,
1530 2096 1583 2130 30.
1598 2117 1639 2121 —

161 2141 320 2182 roffredi,
342 2142 431 2185 App.
450 2140 525 2173 crit.
540 2159 577 2164 -
605 2140 640 2173 6.
655 2140 760 2174 domo
772 2141 962 2184 adferre«
981 2146 1097 2185 portat·
1110 2152 1174 2175 eon
1192 2141 1228 2175 se
1245 2155 1279 2182 »‚
1296 2141 1475 2176 locuzione
1488 2143 1639 2187 ripetuta

160 2184 270 2223 7,30;
288 2184 345 2218 nel
363 2184 571 2229 linguaggio
588 2184 680 2219 delle
691 2184 810 2219 scuole
826 2185 860 2218 di
875 2186 1022 2220 retorica
1043 2186 1232 2230 designava
1247 2186 1334 2220 l'uso
1351 2186 1405 2221 dei
1423 2187 1591 2232 disc-cpoli
1605 2187 1639 2220 di

162 2233 303 2273 portare
319 2229 354 2262 di
378 2240 460 2263 casa
486 2230 494 2262 i
521 2229 665 2273 compiti
681 2241 688 2261 :
706 2230 764 2274 qui
783 2230 802 2263 ὲ
822 2229 956 2264 riferito
974 2230 1225 2275 all'eloquenza
1242 2231 1387 2275 pratica.
1403 2235 1493 2277 App.
1510 2234 1641 2266 crit.—

161 2275 332 2318 refutare
347 2289 391 2302 =
411 2275 634 2316 repucliarez
658 2275 720 2308 cfr.
745 2274 816 2308 Cic.
848 2275 878 2308 T
878 2287 950 2309 usc.
975 2274 1016 2311 ll.
1033 2276 1087 2314 23,
1104 2276 1165 2309 55:
1196 2279 1380 2319 refutetur
1403 2289 1446 2311 ac
1462 2281 1641 2312 reiciatur

166 2318 416 2353 Philocteteus
430 2319 494 2353 ille
518 2320 667 2353 clamor.
685 2339 727 2344 —
741 2322 911 2364 temporis
930 2331 1096 2356 munera,
1114 2321 1247 2354 intendi
1267 2333 1423 2356 munera
1439 2334 1533 2367 quae
1544 2325 1642 2356 inter

162 2364 352 2408 agendum
370 2371 511 2408 tempus
526 2364 619 2397 dato
635 2365 765 2398 tribuit
776 2367 926 2399 oratori.
942 2385 980 2390 —
996 2372 1056 2404 est,
1074 2366 1110 2399 in
1137 2365 1282 2400 italiano
1299 2366 1440 2401 diventa
1469 2368 1641 2402 condizio-

162 2409 255 2448 nale,
271 2420 290 2443 e
304 2408 374 2443 cosi
391 2410 487 2442 malo
504 2408 570 2442 che
584 2420 701 2454 segue.
714 2429 758 2434 —
770 2410 891 2454 fluant
903 2421 1044 2449 secura,
1057 2411 1120 2444 cfr.
1137 2411 1169 2452 1,
1186 2411 1245 2444 111
1259 2423 1266 2443 z
1281 2413 1407 2455 fluunt
1423 2413 1639 2448 inlaborata.

161 2472 205 2478 —-
229 2464 303 2487 non
370 2465 443 2487 non
468 2456 734 2488 sinant=non
755 2454 983 2498 prohibeant.
1020 2475 1063 2479 —
1101 2457 1339 2499 respicientes,
1369 2458 1425 2492 nel
1450 2469 1552 2493 senso
1581 2459 1642 2493 eti·

161 2497 336 2542 molegico
360 2498 453 2533 della
479 2498 608 2543 pai-ola.
634 2519 677 2524 —
701 2499 851 2545 alioqui,
876 2500 1027 2543 intendi,
1056 2500 1091 2533 in
1117 2511 1197 2534 caso
1221 2501 1360 2536 diverso
1430 2523 1474 2527 -—
1498 2510 1639 2538 extem-

156 2543 325 2586 poralem
342 2546 594 2578 temeritatem.
612 2555 644 2576 v,
669 2546 692 2585 ἓ
718 2545 748 2576 1.
773 2565 815 2570 -
839 2546 1105 2588 capitationem,
1133 2545 1211 2579 vale
1235 2557 1255 2579 a
1280 2546 1366 2587 dire,
1400 2558 1445 2581 un
1471 2548 1641 2584 ‘discorso

161 2588 352 2623 meditato'.
370 2608 414 2615 -
463 2591 496 2624 7.
522 2591 718 2634 quaeritur
742 2595 938 2635 retrorsus,
962 2590 1037 2624 eice
1061 2593 1259 2634 respicitur
1275 2603 1323 2625 an
1348 2595 1505 2637 coqitata
1518 2596 1641 2628 omnia
