1887 2901
336 125 389 165 60
813 137 945 165 CAPUT
974 138 1003 164 1.
1033 132 1055 173 g
1086 124 1305 164 llo—118>

336 212 584 267 praeferrent
613 211 814 262 omnibus,
835 212 970 252 inveni
1003 212 1074 264 qui
1100 210 1281 252 Ciceroni
1313 211 1534 262 crederent,
1565 224 1659 255 eum
1688 212 1818 256 nimia

336 279 474 319 contra
513 291 553 318 se
592 277 799 318 calumnia
839 289 978 317 verum
1021 276 1260 330 sanguinem
1302 277 1548 330 perdidisse:
1580 277 1648 319 sed
1685 280 1748 319 est
1778 280 1818 319 et

336 344 475 383 sancta
514 346 554 382 et
592 341 728 395 gravis
764 341 892 382 oratio
931 346 973 381 et
1011 341 1218 394 castigata·
1253 342 1294 382 et
1334 341 1566 394 frequenter
1602 342 1818 384 vehemens

337 419 507 460 quoque.
539 406 727 447 Imitator
757 407 893 446 autem
925 407 986 446 est
1014 404 1260 454 Atticorum,
1295 405 1472 459 fecitque
1506 407 1573 448 illi
1603 409 1818 460 properata

249 474 313 508 116
338 483 444 513 mors
458 470 667 518 iniuriam,
690 470 723 511 si
746 469 845 522 quid
861 469 1094 510 adiecturus
1109 469 1201 510 fuit.
1225 469 1277 510 Et
1298 469 1509 512 Servius
1541 470 1817 525 Sulpicius

337 535 539 590 insignem
560 547 636 576 non
658 534 864 576 immerito
885 533 1036 574 famam
1058 534 1191 575 tribus
1212 534 1463 576 orationibus
1485 535 1647 576 meruit.
1667 535 1814 585 Multa,

338 600 371 641 si
402 612 495 641 cum
526 598 677 640 iudicio
707 599 880 653 legatur,
917 599 1032 639 dabit
1068 598 1299 640 imitatione
1335 599 1459 653 digna
1494 599 1705 641 Cassius
1742 599 1816 641 Se·
1875 642 1880 643 ⁷

339 677 505 712 verus,
538 664 606 717 qui
639 665 671 704 si
714 663 857 704 ceteris
899 663 1121 704 virtutibus
1161 663 1333 704 colorem
1371 666 1412 705 et
1451 665 1695 719 gravitatem
1732 677 1816 706 ora-

250 731 313 765 117
340 729 461 770 tionis
492 728 716 778 adiecisset,
748 727 954 781 ponendus
984 728 1090 768 inter
1119 728 1357 781 praecipuos
1387 728 1500 770 foret.
1540 729 1645 770 Nam
1681 731 1723 770 et
1754 729 1816 771 in-

337 794 448 848 genii
478 794 704 847 plurimum
735 795 797 834 est
830 793 871 833 in
911 805 956 834 eo
996 794 1036 834 et
1075 792 1275 834 acerbitas
1315 793 1420 834 mira
1454 795 1496 834 et
1530 794 1740 835 urbanitas
1775 796 1816 835 et

286 896 290 901 .
338 859 479 908 fervor,
510 858 577 899 sed
610 858 702 911 plus
735 857 943 898 stomacho
984 869 1107 909 qnam
1149 857 1318 898 consilio
1357 856 1481 898 dedit.
1524 858 1739 899 Praeterea
1768 861 1816 899 ut

247 932 311 967 118
336 922 464 963 amari
496 922 612 972 sales,
642 922 701 962 ita
732 921 973 974 frequenter.
999 921 1230 962 amaritudo
1270 921 1358 975 ipsa
1397 921 1588 963 ridicula.
1615 926 1688 963 est.
1711 921 1816 964 Sunt

335 1048 460 1081 mirate
483 1046 734 1092 specialmente
760 1047 792 1081 le
817 1058 878 1081 sue
902 1046 1055 1080 orazioni
1088 1051 1210 1080 contro
1236 1046 1380 1080 Vatinio
1402 1047 1481 1090 (cfr.
1508 1047 1590 1080 Tae.
1623 1047 1720 1080 Dial.
1746 1046 1813 1090 34).

334 1112 375 1118 —-
399 1093 572 1132 Ciceroni,
598 1093 704 1125 Brut.
730 1092 785 1131 82,
809 1092 890 1125 283:
917 1093 1129 1125 accuratius
1154 1092 1340 1136 quoddam
1365 1092 1511 1125 dicendi
1535 1098 1568 1126 et
1593 1093 1814 1136 exquisitius

332 1138 523 1182 adferebat
543 1149 681 1181 [lenus.-
707 1138 804 1182 quod
828 1148 1054 1182 quamquam
1083 1138 1239 1170 scienter
1263 1137 1520 1181 eleaanterque
1545 1138 1736 1177 tractabat,
1761 1139 1815 1170 ni-

331 1185 449 1216 mium
475 1189 597 1216 tamen
620 1185 812 1227 inquirens
836 1185 875 1215 in
898 1193 934 1216 se
958 1183 1067 1226 atque
1091 1183 1167 1226 ipse
1190 1193 1264 1216 sese
1288 1183 1483 1216 observans
1508 1189 1745 1227 metuensque
1768 1193 1815 1217 ne

330 1230 502 1262 vitiosum
526 1229 724 1272 colligeret,
752 1230 864 1261 etiam
892 1238 1022 1261 verum
1050 1228 1270 1271 sanquinem
1295 1228 1525 1272 deperdebat.
1552 1230 1641 1272 App.
1667 1229 1745 1261 crit.
1770 1246 1812 1252 —

330 1275 447 1306 nimia
471 1280 598 1307 contra
622 1284 659 1306 se
682 1273 883 1312 calumnia,
908 1273 942 1305 in
971 1272 1035 1306 cho
1064 1272 1217 1306 consista
1248 1273 1283 1305 in
1309 1283 1438 1315 genere
1463 1272 1482 1306 ὁ
1506 1272 1602 1306 detto
1626 1273 1659 1311 4,
1682 1272 1723 1309 3:
1747 1272 1812 1306 cfr.

330 1318 443 1352 anche
467 1319 500 1358 3,
527 1318 578 1351 10.
607 1318 662 1351 12:
688 1319 720 1357 7,
748 1318 799 1350 14.
825 1337 867 1343 -
903 1320 1122 1361 sanquinem
1155 1321 1200 1353 (v.
1225 1318 1258 1356 2,
1286 1317 1326 1349 12
1351 1328 1370 1351 e
1394 1317 1426 1359 4,
1451 1317 1489 1350 3:
1522 1319 1728 1361 eoesanyuia
1753 1319 1813 1359 n.)‚

330 1363 429 1408 quasi
455 1363 652 1397 freschezza
677 1363 711 1396 di
737 1363 820 1396 vita.
846 1383 888 1386 —
912 1368 1050 1402 sancta,
1079 1371 1086 1379 ·
1102 1362 1286 1400 solenne';
1311 1362 1384 1395 cosi
1411 1362 1489 1401 XII,
1517 1362 1567 1401 10,
1595 1362 1654 1395 11:
1681 1365 1812 1396 sancci-

327 1414 438 1443 tatem
469 1407 579 1441 Calvi.
605 1427 647 1432 —
669 1410 811 1452 yravis,
837 1410 925 1452 App.
953 1408 1029 1441 crit.
1056 1427 1098 1432 —
1124 1409 1314 1451 castigata,
1331 1408 1394 1440 cfr.
1412 1407 1512 1440 Oraz.
1531 1409 1573 1440 A.
1595 1406 1810 1440 P.292-·294:

326 1465 474 1488 carmen
534 1453 631 1498 quod
694 1453 813 1486 multa
839 1453 953 1485 litura
1014 1454 1215 1495 castiqavit.
1234 1472 1275 1476 —
1291 1458 1426 1489 autem,
1444 1463 1508 1486 con
1534 1463 1635 1486 senso
1659 1452 1811 1496 analogo

325 1510 346 1532 a
370 1509 509 1533 revera.
535 1518 579 1523 —
606 1504 803 1542 properata
821 1514 865 1527 z
883 1499 1106 1536 im>nalura‚·
1130 1498 1192 1531 cfr.
1220 1497 1291 1530 Cic.
1320 1497 1424 1530 Brut.
1449 1497 1503 1535 81,
1528 1497 1612 1530 279:
1638 1497 1811 1540 facienda

325 1546 460 1578 mentio
485 1549 585 1578 est
602 1544 763 1577 duorum
792 1544 1081 1577 adulescentiam
1119 1542 1284 1584 (Curione
1321 1553 1339 1576 e
1365 1541 1500 1583 Calvo).
1526 1545 1591 1587 qui
1614 1544 1646 1575 si
1671 1542 1737 1575 diu
1763 1544 1811 1576 vi-

325 1590 475 1629 xissent,
507 1600 682 1632 maqnam
714 1595 833 1622 essent
862 1589 1088 1632 eloquentiae
1123 1588 1273 1621 laudem
1308 1589 1500 1621 consecuti.
1527 1607 1569 1612 —
1597 1589 1630 1620 si
1653 1588 1810 1631 quidm,

326 1635 415 1678 App.
433 1634 509 1668 crit.
528 1654 564 1658 -
605 1634 681 1668 116.
700 1634 849 1667 Servius
867 1633 1063 1676 Sulpicius.
1085 1633 1206 1677 Rufus
1231 1632 1279 1673 (S.
1298 1631 1453 1676 Sulpicio
1467 1632 1587 1673 Rufo),
1604 1631 1809 1676 6491105-

324 1679 465 1723 711143,
489 1679 629 1713 console
656 1679 709 1712 nel
736 1679 876 1721 703s51,
903 1679 938 1711 fu
957 1678 981 1711 il
1002 1679 1058 1722 pin
1077 1678 1214 1711 celebre
1231 1677 1493 1721 giureconsulto
1518 1678 1572 1711 del
1591 1687 1653 1710 suo
1674 1682 1809 1722 tempo:

326 1735 387 1768 per
410 1735 515 1769 opera
533 1724 565 1757 di
593 1724 653 1763 lui,
678 1725 743 1757 che
768 1724 893 1757 scrisse
920 1723 984 1755 180
1008 1723 1086 1755 libri
1114 1723 1147 1755 di
1166 1733 1245 1756 cose
1270 1722 1481 1765 gion-idione,
1506 1723 1555 1766 gli
1581 1721 1673 1755 studi
1701 1721 1808 1766 legali

326 1780 464 1813 presero
483 1780 529 1802 un
555 1780 636 1803 vero
662 1769 826 1803 indirizzo
854 1768 1057 1802 scientifico.
1075 1767 1146 1801 Cfr.
1164 1767 1236 1801 Cic.
1258 1768 1363 1800 Brut.
1384 1768 1438 1806 42,
1461 1767 1540 1800 153:
1567 1767 1744 1801 adiunoeit
1759 1767 1809 1811 (al

325 1817 383 1848 ius
400 1815 520 1856 civile)
545 1821 578 1847 et
599 1815 809 1847 litterarum
833 1815 1022 1847 scientiam
1049 1819 1082 1847 et
1107 1813 1281 1858 loquendi
1304 1812 1537 1856 eleqantiam.
1566 1832 1605 1837 --
1629 1812 1827 1857 samana-⁷

325 1862 471 1900 meruit,
498 1871 528 1894 v,
559 1863 580 1901 ἕ
606 1859 665 1892 Ol:
694 1860 852 1892 multum
878 1866 913 1892 et
942 1869 1050 1892 verae
1082 1858 1258 1901 =alariae...
1296 1859 1443 1891 meruit.
1468 1876 1511 1883 -
1535 1858 1652 1892 tribus
1677 1858 1810 1892 oratio·

324 1906 443 1945 mous,
467 1905 530 1938 cfr.
557 1910 578 1946 g*
608 1905 652 1937 22
688 1915 706 1937 e
741 1904 774 1943 7,
803 1903 857 1938 30.
893 1924 937 1928 ——
973 1905 1119 1942 iudicio,
1156 1915 1187 1936 v,
1220 1906 1242 1944 ἓ
1272 1903 1295 1936 8
1324 1914 1356 1936 n.
1387 1923 1428 1927 --
1468 1902 1612 1936 Cassius
1651 1902 1808 1937 Severus

323 1949 459 1991 (Cassio
484 1950 638 1991 Severo),
665 1955 746 1983 nato
770 1949 913 1983 intorno
938 1949 970 1981 nl
995 1948 1134 1992 710s44,
1153 1948 1241 1982 morl
1267 1947 1324 1982 nel
1349 1948 1392 1981 32
1409 1959 1429 1982 ο
1445 1947 1488 1981 34
1505 1947 1607 1981 d.Cr.
1626 1947 1808 1982 nell'isola

324 1995 359 2028 di
385 1995 498 2029 Serifo
530 1995 703 2035 (Cicladi),
733 2005 798 2028 ove
822 2005 881 2028 era
915 1999 1006 2027 stato
1036 1993 1176 2027 csiliato
1205 2004 1266 2037 per
1298 1993 1385 2027 certi
1415 1993 1490 2026 suoi
1521 1993 1633 2026 scritti
1692 1993 1807 2027 rocaci

324 2045 444 2074 contro
472 2040 602 2074 nomini
628 2051 647 2074 c
672 2040 786 2073 donne
810 2038 940 2072 illustri
970 2039 1066 2080 (Tac.
1094 2041 1189 2072 Αηη.
1224 2039 1248 2078 1,
1272 2038 1333 2075 72;
1351 2038 1414 2071 cfr.
1442 2037 1499 2076 IV,
1525 2037 1595 2078 21).
1620 2037 1668 2072 De
1708 2042 1807 2082 posto

324 2085 390 2118 che
415 2086 484 2129 egli
509 2096 641 2129 occupa
668 2084 761 2118 nella
785 2084 893 2118 storia
911 2083 992 2118 dell·
1007 2083 1197 2128 eloquenza
1223 2094 1366 2117 romana
1391 2083 1420 2116 si
1445 2083 1543 2128 parla
1569 2095 1588 2116 a
1613 2093 1676 2117 suo
1701 2082 1807 2127 luogo

324 2130 663 2164 nell‘lntroduzionc.
683 2149 724 2155 —
748 2130 958 2168 virtutibus,
983 2130 1144 2164 oratorie.
1173 2148 1212 2153 -—
1238 2129 1455 2167 colorem‚v.
1473 2132 1495 2170 g
1519 2128 1573 2161 59.
1588 2147 1629 2152 —
1664 2128 1740 2163 11¹7.
1756 2130 1807 2161 in·

321 2177 423 2219 fleniz·
442 2175 665 2220 plurimum,
682 2175 744 2209 etr.
764 2175 843 2208 Son.
864 2174 1028 2208 Controv.
1050 2174 1104 2209 111.
1127 2176 1245 2218 praefi
1264 2175 1302 2206 ⁶2:
1321 2175 1437 2207 oratio
1462 2175 1541 2207 eius
1564 2179 1646 2207 erat
1669 2173 1806 2213 valens,

324 2221 435 2259 culta,
460 2221 668 2264 inqentibus
696 2221 809 2264 plena
842 2221 1031 2253 sententiis
1106 2230 1124 2252 e
1149 2220 1169 2251 7
1203 2225 1280 2256 (ove
1305 2219 1323 2252 e
1348 2219 1443 2252 detto
1473 2218 1565 2252 della
1591 2229 1654 2252 sua
1683 2217 1806 2252 abilitza

324 2266 357 2298 di
383 2265 648 2307 declamatore):
673 2267 841 2298 omnia...
859 2265 1057 2299 habebat...
1081 2266 1236 2308 phrasin
1311 2264 1452 2301 lectam,
1473 2274 1590 2307 yenus
1615 2263 1805 2297 dicendi...

324 2311 460 2345 ardens
484 2318 517 2344 et
533 2313 806 2345 concitatum...:
825 2309 896 2344 cosi
912 2310 993 2344 Tac.
1013 2310 1110 2343 Dial.
1128 2309 1185 2344 26:
1205 2312 1380 2343 varietate
1397 2309 1616 2342 eruditionis
1633 2314 1667 2342 et
1684 2309 1807 2352 lepore

325 2357 548 2390 urbanitatis
576 2362 610 2390 et
627 2358 792 2400 ipsarum
818 2357 958 2388 virium
987 2356 1113 2388 robore
1133 2356 1290 2387 nannum
1311 2361 1445 2388 ceteros
1462 2360 1622 2397 superat.
1649 2364 1807 2387 —acer-

325 2403 430 2441 bitus,
460 2402 523 2435 cfr.
562 2401 639 2439 ΧΗ,
679 2400 731 2440 10,
772 2400 826 2432 ll:
869 2400 1100 2433 acerbitatem
1145 2401 1266 2432 (vissii.
1293 2420 1334 2423 —
1360 2401 1500 2443 fervor,
1538 2401 1627 2443 App.
1665 2399 1742 2432 crit.
1764 2418 1806 2424 —

321 2445 442 2490 plus...
469 2447 579 2484 dedit,
606 2446 737 2480 «diedo
762 2444 894 2479 ascolto
921 2445 978 2489 pin
1010 2446 1078 2477 alla
1099 2445 1259 2489 passione
1276 2445 1343 2478 che
1368 2443 1438 2477 alla
1464 2443 1608 2488 ragione
1627 2455 1663 2480 »z
1682 2443 1804 2488 quindi

325 2493 386 2523 nso
411 2491 620 2536 espressioni
645 2491 711 2525 ebe
735 2495 844 2535 punto
880 2501 949 2524 non
982 2490 1223 2524 coxivenivano
1257 2489 1289 2523 al
1327 2489 1534 2534 linguaggio
1572 2487 1804 2524 dell‘oralore.

324 2538 394 2569 (Jl'r.
421 2537 501 2570 Tac.
530 2537 549 2569 l.
576 2548 621 2569 c.:
646 2537 791 2580 primus
815 2541 1017 2579 contempto
1042 2536 1172 2569 ordine
1212 2546 1353 2574 rerum,
1392 2535 1525 2568 omissa
1561 2534 1737 2568 modestia
1761 2544 1804 2568 ac

322 2583 464 2625 pudore
498 2583 703 2622 verborum,
740 2583 826 2624 ipsis
863 2582 969 2615 etiam
1010 2582 1141 2624 quibus
1181 2582 1301 2613 mitur
1336 2581 1451 2612 armis
1490 2580 1748 2623 incompositus
1772 2584 1807 2612 ee

323 2628 444 2662 studio
466 2628 628 2671 feriendi
648 2628 870 2674 plerunque
894 2626 1063 2661 ‹leia-ms,
1089 2638 1159 2659 non
1183 2632 1328 2670 puynat
1344 2625 1406 2659 sed
1426 2627 1585 2658 rixatur.
1614 2644 1651 2650 —
1673 2630 1725 2669 ul,
1743 2627 1806 2664 ita,
