1887 2901
9 2625 14 2635 ι

0 2689 14 2737 ἐι

6 2751 18 2775 '4⁴

0 2786 14 2825 ’.Ἃ
19 2812 28 2820 l

5 2830 15 2854 1

9 2865 25 2875 η’

4 2879 25 2901 u'

627 109 756 136 estur
785 109 859 136 vu.
891 99 912 145 ἓ
939 97 1070 135 9-10
1510 96 1583 136 107

50 216 52 223 ,
113 180 356 223 facilitatem
386 181 559 223 maxime
590 183 720 235 parit:
752 195 855 236 quae
900 184 932 223 si
978 183 1144 236 paulum
1185 181 1416 224 intermissa
1446 181 1584 231 fuerit,

112 259 190 288 non
222 247 412 290 velocitas
442 247 516 288 illa
547 248 664 289 modo
695 248 894 297 tardatur,
923 247 992 289 sed
1023 248 1157 301 ipsum
1182 260 1224 289 os
1244 248 1325 289 coit
1354 249 1476 300 atque
1497 259 1583 288 con-

111 311 251 353 currit.
284 310 541 365 Quamquam
572 313 679 353 enim
710 325 810 366 opus
839 314 900 354 est
939 312 1117 353 naturali
1149 312 1322 364 quadam
1355 311 1583 353 mobilitate

98 375 252 426 animi,
282 378 343 427 ut,
373 375 471 418 dum
517 376 697 429 proxima
740 376 928 426 dicimus,
966 377 1119 417 struere
1159 376 1354 417 ulteriora
1383 375 1583 429 possimus

110 452 346 493 semperque
376 441 553 482 nostram
582 453 715 483 vocem
737 440 895 494 provisa
915 441 956 482 et
976 440 1148 481 formata
1169 440 1361 494 cogitatio
1391 439 1583 493 excipiat;

111 503 176 544 vix
206 505 341 547 tamen
372 506 444 546 aut
474 507 620 546 natura
641 507 712 547 aut
741 505 843 546 ratio
872 505 913 545 in
955 506 1039 546 tam
1071 504 1286 558 multiplex
1316 504 1495 545 officium
1527 503 1581 544 di·
1606 516 1628 549 9

110 567 254 610 ducere
293 569 476 610 animum
525 571 660 623 queat,
691 570 738 611 ut
776 569 1014 618 inventioni,
1051 568 1318 622 dispositioni,
1349 568 1580 618 elocutioni,

109 633 239 674 ordini
271 646 405 675 rerum
438 634 741 687 verborumque,
774 635 864 675 tum
906 634 970 683 iis,
1002 646 1104 687 quae
1135 633 1250 683 dicit,
1281 645 1383 686 quae
1414 633 1582 674 subiun-

108 698 248 738 cturus
278 700 351 748 est,
383 711 485 752 quae
515 700 625 740 ultra
655 698 871 752 spectanda
901 700 1008 746 sunt,
1039 698 1225 740 adhibita
1256 698 1376 748 vocis,
1408 710 1583 751 pronun-

108 761 304 811 tiationiS,
334 765 472 818 gestus
502 763 796 813 observatione,
824 776 906 804 una
944 763 1134 804 sufficiat.
1166 763 1304 817 Longe
1335 763 1443 804 enim
1474 775 1583 816 prae-

107 826 224 868 cedat
252 829 409 881 oportet
438 827 609 869 intentio
639 840 685 869 ac
715 840 809 881 prae
840 840 881 869 se
902 840 963 869 res
985 830 1092 881 agat,
1113 829 1393 880 quantumque
1415 827 1583 869 dicendo

107 892 374 942 consumitur,
394 893 556 934 tantum
577 905 624 933 ex
644 892 791 933 ultimo
811 894 1058 946 prorogetur,
1077 894 1136 941 ut,
1158 891 1280 932 donec
1301 891 1583 945 perveniamus

108 956 159 997 ad
189 956 323 1007 finem,
344 969 421 998 non
443 957 579 998 minus
608 958 819 1010 prospectu
842 956 1103 1010 procedamus
1134 968 1256 1009 quam
1287 955 1429 1010 gradu,
1451 956 1483 996 si
1505 968 1582 997 non

108 1020 402 1062 intersistentes
431 1021 748 1074 offensantesque
772 1021 907 1063 brevia
928 1021 1002 1062 illa
1023 1022 1144 1074 atque
1175 1021 1332 1062 concisa
1359 1021 1583 1075 singultan-

107 1085 213 1127 tium
244 1085 360 1127 modo
390 1086 557 1127 eiecturi
590 1099 743 1127 sumus.
1103 1097 1106 1100 ·

107 1191 265 1226 riferisce
278 1192 472 1226 solamente
496 1192 564 1226 alle
589 1193 711 1226 ultime
726 1192 859 1237 parole:
877 1198 917 1225 ut
1011 1193 1127 1225 multa
1153 1193 1328 1225 dicamus.
1353 1211 1384 1216 —
1408 1191 1582 1235 paulum,

108 1238 197 1282 App.
215 1237 292 1271 erit.
311 1257 351 1263 -
371 1237 450 1274 illa,
467 1237 584 1281 quella
601 1238 666 1271 che
679 1237 708 1270 si
733 1238 813 1271 vuol
833 1237 1032 1282 acquistare
1045 1248 1064 1270 ο
1080 1237 1145 1271 che
1162 1237 1190 1270 si
1206 1237 1224 1271 e
1237 1237 1295 1281 gia
1314 1238 1520 1280 acquistata.
1539 1255 1582 1262 -

107 1293 144 1315 os
211 1283 408 1316 concurrit.
432 1283 494 1315 cfr.
525 1282 583 1321 xl,
612 1283 642 1319 3.
667 1282 730 1316 56:
749 1289 802 1316 est
818 1282 903 1316 aliis
917 1293 1115 1316 concursus
1129 1284 1203 1316 oris
1219 1289 1253 1315 et
1269 1294 1353 1315 cum
1374 1283 1488 1315 verbis
1505 1285 1582 1315 suis

107 1327 334 1366 colluctati0;
350 1329 394 1360 ib.
411 1327 470 1360 121
487 1340 494 1362 :
511 1327 567 1361 lzis
581 1329 759 1361 accedunt
777 1329 865 1360 vitia
882 1338 954 1360 non
972 1333 1130 1360 naturae
1142 1328 1205 1360 sed
1223 1328 1579 1370 trepiclatz‘onis,cum

106 1382 168 1405 ore
193 1378 431 1406 concurrente
455 1374 587 1405 rixari.
606 1372 652 1405 La
668 1371 847 1406 loeuzione
860 1382 897 1406 os
910 1373 1097 1405 concurrit
1125 1371 1243 1406 dinota
1263 1372 1286 1404 il
1301 1371 1472 1405 contr-arsi
1489 1371 1580 1405 delle

107 1415 244 1456 lahhra,
259 1417 294 1449 in.
309 1417 410 1451 modo
423 1416 489 1450 che
508 1416 538 1450 la
555 1416 673 1461 parola
690 1427 732 1450 ne
750 1428 862 1460 venga
877 1417 966 1450 fuori
985 1427 1004 1450 a
1018 1421 1150 1458 stento;
1174 1417 1265 1450 frase
1280 1417 1429 1460 analoga
1444 1427 1451 1448 :
1477 1417 1582 1450 labra

110 1468 343 1496 concurrunt
365 1462 460 1505 (Seu.
486 1461 550 1505 Ep.
578 1462 630 1499 11,
661 1462 706 1503 12).
733 1463 822 1506 App.
854 1461 931 1495 crit.
963 1480 1007 1486 —
1042 1473 1279 1506 quamquam,
1310 1461 1582 1495 eoll'indicativo

107 1507 175 1548 (est
196 1517 216 1541 e
239 1509 263 1548 ἓ
286 1506 323 1540 5;
348 1511 458 1550 sunt),
481 1507 544 1540 cfr.
572 1506 602 1546 1,
625 1507 670 1540 80
695 1518 727 1539 n.
752 1526 794 1532 —
821 1507 1019 1541 mobilitate
1053 1509 1182 1545 animi,
1213 1506 1428 1541 ‘elasticita'
1453 1507 1583 1549 (animi

107 1552 126 1586 ὁ
153 1551 330 1596 superfluo
355 1562 417 1596 per
441 1551 530 1593 noi);
557 1551 627 1586 cosi
653 1555 675 1593 g
699 1551 743 1584 22
766 1556 871 1586 sotto:
899 1552 1086 1585 mobiliore
1102 1554 1257 1595 inqenio.
1282 1572 1325 1576 -—
1343 1553 1533 1596 prox-ima,
1550 1551 1584 1585 le

108 1606 190 1630 cose
215 1596 309 1630 dette
334 1596 390 1630 nel
416 1602 524 1641 punto
550 1602 659 1630 stesso
683 1597 719 1630 in
744 1597 799 1630 cui
824 1596 854 1630 si
879 1602 1086 1641 presentano
1112 1597 1181 1630 alla
1206 1602 1348 1636 mente;
1373 1608 1392 1630 a
1416 1597 1471 1630 cio
1493 1596 1523 1629 si
1542 1596 1584 1630 ri-

109 1646 210 1686 porta
235 1647 399 1675 nostram
424 1653 559 1682 vocem,
584 1653 681 1676 come
706 1643 873 1684 coyitatio
899 1641 1070 1675 richiama
1099 1653 1117 1674 a
1144 1642 1336 1675 ulteriora.
1360 1661 1402 1666 ——
1425 1643 1584 1685 provisa,

106 1686 171 1720 cfr.
195 1685 227 1725 3,
255 1685 312 1719 10:
336 1687 608 1730 provideamus.
634 1705 677 1711 —
702 1686 951 1730 coyz'tacio,qui
978 1686 1034 1720 nel
1059 1697 1160 1720 senso
1185 1686 1218 1719 di
1243 1689 1455 1730 cogitatum,
1478 1690 1585 1731 ‘pen-

105 1730 232 1766 siero':
258 1743 290 1764 v.
313 1734 336 1771 ἓ
369 1731 411 1764 19
435 1736 534 1765 sotto.
553 1751 593 1756 —
643 1732 677 1765 9.
696 1733 799 1768 ratio,
825 1738 832 1748 ⁸
847 1731 946 1765 l'arte
962 1731 1035 1763 ’.—
1053 1732 1250 1775 multiplex
1267 1731 1584 1776 officium,sonole

107 1776 203 1810 varie
230 1776 398 1815 funzioni,
423 1787 442 1809 a
466 1776 525 1809 cui
553 1776 713 1809 l‘oratore
738 1776 824 1809 deve
849 1776 1028 1810 attendere
1054 1787 1114 1820 per
1139 1776 1172 1809 la
1197 1778 1368 1817 inventio,
1393 1787 1453 1821 per
1476 1775 1510 1809 la
1535 1777 1584 1809 di-

106 1822 253 1865 spositio
326 1841 363 1845 —
391 1821 575 1857 diducere,
601 1826 609 1839 ⁶
625 1820 797 1864 ripartire,
815 1820 970 1855 dividere
985 1821 993 1831 '
1055 1840 1098 1846 —
1115 1821 1317 1860 elocutioni,
1339 1828 1429 1866 App.
1447 1821 1523 1854 erit.
1541 1839 1584 1846 -

107 1877 237 1900 rerum
262 1866 539 1910 verborumque,
564 1866 627 1899 cfr.
644 1866 674 1908 1,
687 1865 706 1897 4
725 1876 732 1897 :
752 1877 808 1899 res
867 1867 977 1900 verba
990 1877 1008 1899 e
1025 1878 1055 1899 n.
1071 1886 1111 1890 —
1125 1867 1222 1902 dicit.
1241 1873 1390 1905 orator,-
1413 1868 1585 1910 sufficiat,

106 1912 277 1950 animam,-
301 1921 357 1944 ma
384 1912 463 1955 puoi
484 1911 641 1944 tradurre
668 1910 760 1943 l'uno
774 1922 793 1944 e
807 1910 926 1944 l‘altro
940 1912 1056 1948 verbo,
1071 1922 1089 1945 e
1106 1911 1176 1944 cosi
1190 1911 1302 1946 anche
1321 1913 1585 1946 subiuncturus

105 1961 169 1995 est,
187 1966 253 1990 eon
271 1966 339 1988 una
358 1955 470 1990 forma
489 1954 732 2000 impersonale.
759 1975 800 1980 —
825 1957 1102 1993 subitaneum-us,
1119 1957 1269 2000 esprime
1285 1957 1505 1990 successione
1522 1956 1586 1989 im-

107 2000 272 2034 mediata.
287 2019 327 2024 —
344 1995 438 2034 vohis
499 2006 634 2045 yestus,
648 2000 710 2034 cfr.
727 2010 788 2044 per
802 2011 869 2033 una
881 2001 1148 2035 enumerazione
1161 2001 1311 2046 analoga
1329 2001 1408 2045 1,17
1423 2012 1442 2035 e
1456 2013 1485 2034 V.
1505 2006 1584 2035 note

107 2045 167 2079 ivi.
186 2056 313 2078 —una
326 2047 503 2085 =simul,
517 2056 615 2079 come
629 2045 683 2079 del
699 2049 790 2079 resto
804 2045 846 2078 da
860 2045 1009 2089 qualche
1027 2046 1193 2080 edizione.
1212 2048 1301 2091 App.
1319 2047 1444 2080 crit.—
1458 2047 1519 2081 10.
1534 2047 1585 2079 in-

108 2091 228 2130 tentio,
242 2093 374 2124 mentis
391 2094 436 2132 (v.
462 2091 493 2128 3,
518 2090 576 2131 20)
593 2101 613 2124 ο
629 2091 764 2127 animi,·
778 2091 840 2123 cfr.
859 2092 889 2129 1,
907 2091 948 2123 24
961 2102 967 2123 :
982 2092 1180 2124 intendunt
1197 2093 1375 2125 animum.
1394 2101 1537 2135 —prae
1549 2102 1585 2125 se

106 2146 166 2169 res
181 2141 280 2179 aqut,
298 2136 374 2169 cioe
392 2136 420 2168 si
437 2136 559 2180 sappia
577 2135 635 2179 gia
654 2135 766 2179 prima
783 2134 900 2179 quello
917 2135 982 2169 che
1000 2136 1027 2168 si
1040 2136 1114 2169 dira
1134 2136 1168 2170 in
1186 2136 1333 2180 seguito.
1357 2156 1393 2161 —
1409 2138 1584 2171 consumi—

107 2185 209 2213 tur...
225 2187 458 2224 proroyetur,
484 2180 695 2225 espressioni
722 2185 819 2214 usate
854 2181 1113 2224 propriamente
1134 2193 1153 2215 a
1173 2181 1357 2226 designare
1386 2181 1584 2226 operazioni

106 2225 295 2261 bancarie;
319 2236 338 2258 a
366 2226 495 2259 misura
521 2225 586 2258 che
611 2224 639 2258 si
666 2235 813 2259 ver-sano
830 2226 950 2259 denari
968 2226 1114 2270 bisogna
1135 2227 1362 2261 risornirsene
1379 2238 1441 2272 per
1457 2237 1585 2260 averne

105 2269 176 2303 alla
202 2280 304 2303 mano
328 2270 417 2305 onde
443 2271 496 2303 sar
521 2271 634 2304 fronte
675 2269 709 2303 ai
749 2269 863 2303 cambi
888 2271 1094 2311 successivi;
1127 2272 1196 2306 cosi
1225 2272 1385 2306 l'oratore
1409 2276 1540 2317 quanto
1565 2283 1584 2304 a

105 2314 160 2348 cio
185 2314 250 2349 che
275 2314 362 2349 deve
386 2315 470 2349 dire.
499 2336 538 2339 —
565 2326 612 2348 ex
636 2315 776 2354 ultimo,
801 2315 915 2349 ‘dalle
942 2315 1063 2350 ultime
1088 2318 1177 2361 parti
1193 2317 1219 2355 ’ς
1244 2317 1434 2361 espiegato
1458 2316 1501 2350 da
1533 2316 1585 2349 ul-

107 2361 242 2394 teriora
267 2359 322 2393 del
347 2363 370 2401 ,ξ
394 2360 426 2394 8.
453 2380 493 2384 -
513 2366 708 2404 prospectu
744 2360 996 2403 procedamus,
1020 2362 1083 2395 cfr.
1110 2361 1172 2401 XI,
1197 2363 1228 2400 2,
1253 2362 1288 2395 3:
1314 2362 1404 2396 dum
1433 2362 1510 2395 alia
1534 2362 1584 2395 di-

104 2407 230 2444 cimus,
257 2415 351 2449 quae
391 2405 529 2438 dicturi
563 2416 701 2443 sumus,
736 2406 915 2438 intuenda
951 2412 1057 2447 sunt‚·
1094 2409 1167 2446 ica,
1192 2418 1274 2441 cum
1310 2417 1452 2451 semper
1483 2409 1581 2450 coqi-

105 2451 193 2484 tatio
216 2449 319 2483 ultra
345 2456 413 2490 cat,
437 2450 477 2483 id
500 2450 598 2495 quod
620 2455 674 2484 est
697 2449 843 2493 lonyius
878 2452 1035 2494 quaerit,
1068 2452 1250 2496 quidquid
1274 2458 1396 2485 autem
1423 2454 1586 2496 repperit

104 2494 370 2539 quodammodo
394 2507 416 2528 α
444 2495 496 2528 ud
520 2497 735 2529 memoriam
760 2495 916 2538 deponit.
944 2495 985 2528 V.
1010 2497 1123 2531 anche
1148 2509 1250 2542 sopra
1275 2496 1307 2535 3,
1334 2496 1388 2531 10.
1410 2516 1453 2522 —
1478 2498 1585 2542 offen-

103 2545 235 2579 santes,
259 2539 323 2573 cfr.
348 2540 379 2579 3,
404 2539 467 2573 cO:
491 2542 686 2585 offensator
710 2550 729 2574 e
754 2548 788 2573 n:
812 2560 855 2564 —
882 2541 1006 2575 brevia
1025 2542 1107 2583 illa,
1135 2543 1161 2576 il
1188 2553 1353 2587 pronome
1377 2542 1396 2577 e
1420 2542 1585 2582 enfatieo,

101 2594 202 2619 come
225 2583 323 2619 illud
343 2587 528 2631 frigidum
554 2592 586 2620 et
612 2587 720 2619 inane
743 2585 775 2624 2,
802 2585 854 2619 17.

1609 769 1650 802 10
