1887 2901
447 0 515 19 tvvs
563 5 571 12 -
597 0 644 26 γη
664 0 733 38 w>
763 0 1122 33 stans-msam*
1165 18 1167 23 .
1223 15 1231 21 .
1257 3 1267 10 «
1399 4 1402 5 ’

657 23 663 30 ⁴
783 32 802 41 ·—
855 14 888 38 '⁵‘
910 29 955 50 .’·,·
1007 27 1015 33 “
1082 22 1112 48 T*
1138 22 1143 25 ”
1213 38 1223 44 -
1254 22 1306 51 *““.“·
1343 38 1351 54 ρ
1393 35 1399 45 κ
1467 20 1475 37 ³

254 145 331 186 136
762 128 894 186 carm·
922 130 995 185 vn.
1026 147 1047 193 ς
1073 126 1232 184 28-32

205 259 210 262 -
255 243 401 284 editore,
424 247 520 278 certo
543 252 696 277 nessuno
719 241 813 287 degli
838 241 966 281 ultimi,
1000 241 1046 276 ha
1070 241 1216 277 creduto
1238 241 1275 276 di
1299 241 1408 278 dover
1430 252 1619 277 nemmeno
1639 228 1734 278 unci·
1800 242 1809 249 '

253 310 338 334 nare
361 304 492 334 coteste
516 299 649 345 parole.
675 298 747 333 A3:
772 298 835 333 uel
858 298 907 333 ad
932 298 1127 343 leyendum
1166 297 1218 333 Lo
1233 302 1344 334 stesso
1359 298 1532 339 Kiderlin,
1549 297 1572 333 1.
1589 309 1632 340 c.,
1655 310 1735 333 eon·

252 355 370 391 divide
385 355 576 403 l'opinione
601 355 657 390 del
681 354 818 390 Becher
841 354 907 389 che
931 354 1068 389 l’ineiso
1093 360 1135 388 ut
1156 353 1276 401 Cicero
1294 354 1455 390 Brutum
1471 348 1594 401 faeere
1617 356 1733 389 tradit

254 413 307 448 sia
338 414 383 448 da
406 413 622 459 sopprimere
646 412 848 452 anch‘esso;
871 412 896 446 il
923 412 1026 447 Gertz
1050 422 1160 446 aveva
1186 412 1244 456 gia
1277 416 1457 448 osservato
1481 412 1546 448 che
1571 422 1641 447 non
1667 412 1687 447 ὁ
1711 422 1731 446 a

253 481 317 506 suo
347 475 446 516 posto
470 481 489 505 e
514 470 539 504 il
565 470 717 515 Krfiger,
741 473 896 514 appunto
919 468 1031 503 dietro
1055 468 1082 502 il
1117 467 1232 509 Gertz,
1258 467 1292 503 lo
1316 468 1450 504 colloca
1473 469 1563 515 dopo
1588 469 1730 514 ubique.

299 526 354 560 28.
380 527 451 562 A2:
477 532 659 560 unatrans
701 525 771 560 A3:
796 537 872 559 una
898 531 1002 559 trans

297 583 352 617 29.
378 583 450 617 A2:
475 584 592 617 nescio
617 594 666 616 an
689 583 772 626 (om.
798 583 846 626 si)
886 580 1107 615 Hild-Halm.
1150 580 1219 616 A3:
1247 583 1365 615 nescio
1389 591 1432 615 ac
1454 582 1487 615 si
1538 583 1657 616 nescio
1680 593 1727 616 an

253 642 285 675 si
307 640 453 674 Meister
475 650 494 673 e
518 639 698 674 Peterson.

344 696 383 729 id
406 695 546 741 efficere
577 694 802 734 Hild-Halm‚
832 694 972 738 Kriiger
1001 693 1040 737 (il
1065 693 1169 739 quale
1199 693 1253 728 col
1287 693 1392 728 Gertz
1426 693 1530 738 legge
1561 694 1731 730 debemus

254 752 377 787 invece
400 752 434 785 di
459 752 589 786 debent
612 751 646 784 di
673 750 753 784 tutti
779 750 789 784 i
815 761 895 784 mss.
922 761 940 785 e
965 750 998 783 di
1026 755 1114 784 tutte
1139 750 1172 784 le
1197 750 1316 793 edizz.)
1340 760 1359 784 e
1384 750 1540 790 Meister,
1564 749 1618 784 col
1642 750 1730 784 Bur-

254 809 342 843 sian.
378 810 430 842 sic
453 808 573 841 dicere
596 807 775 841 Peterson.
813 807 883 840 A2:
909 808 1044 841 inicere
1067 806 1193 849 (donde
1218 811 1374 851 appunto
1392 806 1425 840 la
1442 810 1650 851 congettura
1673 806 1729 841 del

254 865 438 908 Peterson)
461 875 527 899 con
553 863 584 898 la
612 863 772 908 maggior
796 867 894 909 parte
919 863 1013 908 degli
1039 863 1120 897 altri
1145 874 1226 897 mss.
1266 862 1335 897 A3:
1362 864 1520 898 innitere

299 921 353 956 32.
379 921 449 955 A3:
476 921 577 955 lenas
637 921 708 954 A2:
735 920 866 954 laudas

344 979 384 1012 in
408 978 464 1012 his
491 977 702 1011 Hild-Halm
728 988 747 1011 e
771 977 928 1016 Meister,
952 987 971 1011 e
996 975 1132 1010 Becher
1157 975 1205 1009 Β]
1230 988 1262 1021 p.
1280 975 1334 1009 44.
1360 976 1418 1010 vel
1442 977 1480 1008 in
1499 975 1556 1010 his
1580 974 1732 1021 Krfiger.

254 1040 288 1069 et
311 1035 351 1068 in
375 1034 431 1068 his
455 1034 639 1068 Peterson.
666 1033 730 1073 Ae,
748 1032 819 1066 A3:
843 1044 890 1067 ne
914 1034 951 1066 in
977 1033 1033 1067 Izis

347 1091 446 1125 velut
468 1102 632 1125 summas
696 1092 873 1135 conferre.
898 1089 971 1124 cosi
995 1089 1049 1134 gli
1065 1088 1181 1123 ultimi
1206 1089 1342 1124 editori.
1368 1088 1422 1124 col
1446 1087 1613 1128 Bonnell;
1637 1087 1670 1122 la
1691 1087 1733 1123 le—

256 1147 354 1182 zione
379 1149 462 1192 pero
487 1158 554 1181 non
581 1157 664 1192 pare
689 1146 956 1187 soddisfacente‚
981 1145 1093 1180 donde
1110 1145 1206 1180 varie
1230 1150 1392 1191 proposte
1410 1145 1444 1178 di
1462 1143 1732 1184 emendamenti,

257 1204 311 1238 fra
327 1204 384 1238 cui
409 1203 546 1238 ricordo
570 1203 686 1248 quelle
711 1202 802 1237 dello
827 1203 935 1248 Jepp:
962 1203 1018 1237 vel
1042 1204 1080 1236 in
1105 1202 1162 1236 his
1185 1214 1278 1248 quae
1303 1214 1330 1236 s.
1354 1213 1482 1236 rerum
1506 1211 1671 1236 summas
1694 1201 1733 1235 in

255 1262 535 1295 commentarios
559 1262 736 1304 conferre.
753 1262 798 1302 (v.
816 1260 987 1294 Peterson
1013 1271 1047 1304 p.
1063 1259 1154 1303 220),
1179 1259 1270 1294 dello
1288 1258 1488 1293 Zambaldi:
1516 1269 1563 1292 ex
1579 1259 1624 1292 iis
1640 1268 1733 1303 quae

255 1328 283 1351 s.
300 1328 359 1352 res
381 1327 544 1351 summas
569 1319 607 1350 in
671 1318 847 1361 conferre.
873 1327 891 1350 e
909 1315 962 1350 del
989 1316 1157 1350 Peterson
1183 1316 1240 1359 ib„
1264 1315 1330 1349 che
1353 1315 1387 1349 in
1406 1319 1505 1360 parte
1529 1314 1578 1349 mi
1594 1314 1731 1348 sembra

257 1373 478 1418 preferibile:
503 1379 537 1408 et
560 1375 598 1407 in
623 1373 680 1408 his
705 1384 798 1418 quae
821 1384 846 1407 s.
874 1373 972 1406 velut
996 1383 1158 1406 summas
1184 1373 1221 1405 in
1239 1373 1587 1406 commentariorum
1612 1372 1734 1415 capita

256 1431 432 1474 conferre.
458 1430 527 1464 A2:
602 1430 664 1464 uel
687 1431 725 1463 in
742 1440 904 1463 summas
928 1431 964 1463 in
983 1430 1287 1463 commentarium
1353 1427 1609 1472 conferre.A3:
1672 1427 1735 1462 uel

258 1489 297 1521 in
319 1498 483 1522 summas
505 1488 809 1522 commentarium
879 1487 1055 1529 conferre.

346 1544 444 1587 quod
467 1555 540 1578 non
563 1546 679 1578 simus
703 1542 858 1582 Meister,
883 1542 1023 1587 Kriiger
1046 1552 1065 1576 e
1082 1542 1249 1576 Peterson
1268 1541 1335 1582 (eol
1362 1540 1523 1585 Regius),
1541 1551 1560 1574 e
1585 1539 1734 1580 Becher,

257 1613 277 1636 a
294 1601 352 1636 cui
368 1605 482 1647 spetta
498 1600 525 1635 il
543 1605 650 1635 vanto
667 1600 785 1634 d'aver
801 1599 1006 1634 dimostrato
1030 1599 1067 1632 in
1086 1598 1187 1632 modo
1205 1597 1425 1631 irrefutabile
1449 1596 1513 1641 (BJ
1537 1609 1569 1642 p.
1587 1596 1735 1642 44[-45])

216 1686 222 1691 .
257 1658 324 1693 che
347 1659 378 1692 si
401 1658 488 1693 deve
513 1658 786 1692 assolutamente
815 1655 957 1701 leggere
981 1654 1064 1690 cosi.
1090 1655 1186 1700 quod
1209 1656 1324 1689 simus
1350 1655 1403 1688 A?
1427 1653 1514 1698 (A3:
1547 1654 1644 1699 quod
1667 1655 1734 1688 sci·

256 1717 364 1759 mus),
387 1725 453 1749 con
478 1714 558 1749 altri
583 1725 679 1754 mss,
705 1713 929 1748 Hild-Halm.

347 1770 406 1806 hic
429 1782 570 1817 quoque
595 1770 658 1804 ΑΞ.
696 1770 735 1804 id
758 1780 898 1815 quoque
926 1770 988 1803 A3-
