1887 2901
27 0 223 62 ξςψρἳῑώῗ-ΤΞ
246 0 249 1 ’
268 0 280 19 «⁷

28 47 92 179 ξ
111 70 123 79 *V
610 108 743 136 σΑΡοτ
771 100 842 137 vn.
873 98 896 144 θ
923 96 1078 135 14-16
1508 97 1583 136 109

28 183 54 242 ,ἶ
103 179 226 239 'sequi
256 183 355 227 'cura'
383 195 460 226 non
490 183 628 237 possit.
661 184 793 226 Deum
833 187 930 225 tunc
965 181 1155 231 adfuisse,
1186 194 1279 224 cum
1300 181 1342 223 id
1372 182 1581 232 evenisset,
1609 195 1649 229 14

112 252 267 292 veteres
309 250 496 298 oratoreS,
528 249 576 289 ut
619 247 771 300 Cicero,
811 247 1068 289 dictitabant.
1100 245 1177 288 Sed
1218 247 1321 288 ratio
1366 246 1580 288 manifesta

105 316 180 356 est.
212 314 319 356 Nam
349 313 448 355 bene
478 313 657 367 concepti
704 311 886 354 adfectus
929 313 971 353 et
1008 312 1186 353 recentes
1216 323 1351 353 rerum
1380 310 1580 365 imagines

108 379 300 422 continuo
327 378 483 431 impetu
515 377 713 426 feruntur,
744 388 848 430 quae
879 387 1182 428 nonnumquam
1213 387 1325 417 mora
1354 374 1440 416 stili
1471 374 1581 416 refri-

47 456 50 458 ’
108 444 279 498 gescunt
308 443 350 484 et
372 442 524 483 dilatae
568 454 643 484 non
689 442 958 484 revertuntur.
990 439 1144 493 Utique
1178 439 1284 491 vero',
1314 452 1407 480 cum
1439 438 1581 480 infelix

109 507 184 549 illa
213 507 425 549 verborum
456 506 664 548 cavillatio
694 505 862 547 accessit
891 507 932 546 et
961 516 1104 546 cursus
1133 503 1182 545 ad
1214 503 1377 559 singula
1406 502 1579 557 vestigia

109 571 274 621 restitit,
304 584 381 613 non
412 572 542 624 potest
571 571 667 612 ferri
688 571 869 612 contorta
892 569 974 616 vis;
997 568 1077 617 sed,
1099 571 1146 610 ut
1166 569 1316 623 optime
1339 580 1482 610 vocum
1503 568 1579 609 sin-

106 637 298 692 gularum
329 635 447 677 cedat
475 636 631 686 electio,
661 647 738 676 non
768 634 972 683 continua,
1003 633 1070 675 sed
1102 633 1322 687 composita
1352 634 1425 675 est.

163 700 296 753 Quare
326 700 542 754 capiendae
573 702 668 742 sunt
697 700 806 749 illae,
832 699 880 741 de
901 699 1051 752 quibus
1080 699 1177 749 dixi,
1200 711 1333 741 rerum
1364 698 1576 752 imagines,
1604 707 1646 742 15

105 778 207 820 quas
234 766 369 807 vocari
400 766 642 816 φαντασίας
685 763 969 814 indicavimus,
999 764 1228 817 omniaque,
1253 763 1301 805 de
1341 763 1491 816 quibus
1517 762 1578 803 di·

105 831 212 873 cturi
255 831 420 879 erimus,
465 842 667 883 personae,
704 829 980 882 quaestiones,
1011 841 1113 883 spes,
1157 831 1292 870 metus
1321 829 1506 870 habenda
1534 829 1575 868 in

104 895 246 944 oculis,
277 895 319 936 in
351 895 532 936 adfectus
562 893 813 947 recipienda:
859 896 999 947 pectus
1029 895 1091 935 est
1119 894 1240 942 enim,
1272 893 1378 947 quod
1409 892 1578 934 disertos

104 960 217 1010 facit,
248 961 288 1002 et
317 959 378 1000 vis
408 959 568 1000 mentis.
602 958 774 1011 Ideoque
818 959 1021 1012 imperitis
1064 970 1236 1012 quoque,
1267 959 1300 1000 si
1337 957 1453 1000 modo
1482 960 1578 999 sunt

106 1025 246 1079 aliquo
275 1024 436 1065 adfectu
467 1024 674 1070 concitati,
705 1023 825 1064 verba
856 1035 932 1064 non
978 1023 1135 1065 desunt.
1173 1023 1279 1064 Tum
1310 1022 1578 1065 intendendus
1605 1034 1646 1068 16

106 1089 281 1139 animm,
312 1100 388 1130 non
419 1088 460 1128 in
492 1087 674 1140 aliquam
706 1100 789 1129 reni
822 1100 957 1136 unam,
989 1088 1056 1129 sed
1087 1088 1128 1128 in
1165 1087 1301 1141 plures
1331 1087 1457 1129 simul
1487 1100 1579 1129 con-

104 1208 306 1232 successum
333 1197 593 1240 extemporalis
616 1199 811 1230 orationis:
839 1197 901 1230 cfr.
926 1197 959 1236 6,
989 1197 1015 1229 1.
1044 1216 1087 1222 —
1103 1208 1206 1235 cura,
1231 1196 1579 1241 una‘preparazione

105 1242 308 1288 diligente‘.
332 1261 374 1267 —
398 1243 454 1276 14.
470 1248 511 1274 ut
533 1240 662 1278 Cicero,
688 1242 722 1275 in
738 1253 888 1275 nessuno
913 1241 1007 1285 degli
1024 1241 1135 1275 scritti
1154 1242 1349 1276 conservati
1368 1242 1386 1275 ὲ
1403 1243 1497 1276 detto
1513 1242 1578 1275 ci'o.

108 1291 196 1333 App.
211 1287 288 1321 crit.
301 1289 447 1320 —ratio
462 1288 667 1330 manifesta,
681 1287 742 1320 cfr.
758 1288 789 1322 5.
806 1287 890 1321 2.-
901 1287 987 1320 bene
995 1289 1156 1330 concepti
1177 1287 1352 1330 adfectus,
1367 1287 1443 1320 vale
1461 1298 1480 1320 a
1494 1287 1579 1325 dire,

106 1332 226 1367 sentiti
251 1332 557 1376 profondamente;
582 1343 614 1363 v.
633 1331 690 1369 vl,
718 1332 749 1370 2,
775 1331 1126 1375 :30:l10s(ima9ines
1151 1333 1293 1374 rerum)
1305 1333 1469 1376 quisquis
1494 1333 1581 1365 bene

106 1380 322 1422 conceperit,
347 1379 375 1410 is
400 1378 470 1410 erit
505 1378 543 1409 in
568 1376 770 1419 adfectibus
791 1378 1074 1420 potentissimus,
1099 1387 1117 1410 e
1142 1387 1243 1421 sopra
1269 1378 1300 1413 3,
1324 1376 1385 1409 20:
1410 1383 1579 1420 concepta

105 1424 238 1457 mentis
261 1423 422 1455 intentio.
449 1440 488 1445 -
514 1426 684 1455 recentes.
707 1421 903 1455 ‘fresche'.
930 1441 970 1446 —
997 1433 1123 1455 rerum
1150 1423 1337 1466 imayines,
1362 1432 1488 1455 rerum
1506 1421 1580 1466 (qui

106 1479 126 1502 e
149 1470 172 1510 ἓ
197 1466 254 1509 15)
277 1466 323 1500 ha
347 1466 633 1511 semplicemente
650 1465 769 1500 valore
793 1466 1070 1511 grammaticale,
1088 1477 1186 1500 come
1204 1467 1239 1500 in
1252 1477 1381 1501 rerum
1393 1473 1530 1500 natura
1548 1478 1578 1505 e,

105 1523 202 1558 pare,
224 1511 283 1546 nel
300 1511 488 1556 virgiliano
505 1515 619 1552 (sunt)
633 1511 808 1546 lacrimae
824 1523 951 1546 rerum
960 1512 1060 1555 (xEn.
1080 1511 1104 1547 l,
1121 1512 1216 1553 462):
1230 1512 1352 1556 quindi
1370 1522 1439 1546 non
1454 1523 1496 1545 va
1511 1517 1581 1545 tra-

105 1558 213 1593 dotto.
237 1575 282 1582 —
304 1559 474 1591 continuo
511 1559 648 1600 impetu
681 1558 870 1600 feruntur.
902 1556 1057 1591 intendi:
1080 1557 1108 1590 si
1133 1567 1348 1601 susseguono
1372 1556 1580 1591 lestaniente

105 1613 210 1638 senza
232 1602 478 1640 interruzione,
502 1612 522 1635 ο
547 1601 582 1634 in
608 1612 676 1635 una
711 1613 810 1636 corsa
846 1602 1079 1636 ininterrotta.
1115 1621 1159 1627 —
1187 1613 1291 1636 mora
1315 1602 1399 1641 stili,
1428 1602 1485 1635 ‘la
1510 1602 1580 1635 len-

106 1653 200 1683 tezza
223 1646 317 1682 dello
340 1647 493 1680 scrivere
506 1646 525 1679 ”.
551 1667 591 1671 —
618 1648 861 1691 refrigescunt
925 1653 1175 1685 revertuntur,
1200 1648 1263 1680 cfr.
1288 1647 1320 1687 3,
1343 1647 1366 1680 6
1390 1658 1409 1681 e
1433 1648 1492 1682 33:
1516 1658 1578 1681 re-

102 1694 310 1738 frigescunt
333 1692 361 1724 si
391 1691 548 1725 riferisce
585 1703 603 1723 a
640 1693 815 1734 adfectus,
853 1698 1091 1726 revertuntur
1118 1703 1138 1725 a
1163 1694 1350 1734 imaqines.
1375 1711 1418 1718 —
1443 1694 1579 1736 utique,

105 1738 150 1772 da
174 1749 195 1771 a
218 1747 288 1771 non
314 1737 434 1770 valore
458 1736 492 1768 di
518 1737 707 1780 negatione
733 1737 852 1770 recisa.
894 1757 933 1761 —
969 1737 1114 1779 infelix,
1139 1737 1200 1771 cfr.
1229 1738 1260 1778 1,
1285 1737 1305 1769 7
1331 1748 1349 1771 e
1374 1748 1407 1770 n.
1433 1757 1475 1762 —
1500 1738 1578 1777 illa,

106 1783 136 1817 si
160 1783 292 1827 riporta
316 1781 385 1815 alle
409 1791 489 1815 cose
513 1782 605 1815 dette
633 1782 662 1822 1,
691 1782 752 1814 115
775 1792 794 1815 e
818 1782 849 1820 3,
869 1781 1061 1816 10int01-no
1085 1793 1104 1814 a
1129 1787 1258 1816 coteste
1285 1793 1369 1816 cura
1387 1782 1578 1816 minuziosa

106 1839 127 1862 e
150 1828 371 1872 pedentesca.
397 1845 440 1850 —
463 1826 512 1858 ad
534 1827 682 1869 sinyula
720 1829 880 1871 vestigia,
917 1834 925 1845 ⁸
940 1827 982 1860 ad
1018 1827 1100 1871 ogni
1127 1828 1259 1871 passo'.
1292 1847 1322 1851 —
1351 1829 1494 1871 ferri
1514 1830 1579 1867 vis,

106 1872 263 1917 imagine
287 1871 443 1905 derivata
468 1870 525 1903 dal
550 1876 685 1912 genere
721 1882 784 1905 con
821 1871 853 1904 la
886 1872 1017 1904 fionda.
1043 1884 1062 1905 0
1087 1872 1180 1906 dallo
1204 1872 1377 1916 scagliare
1400 1873 1424 1906 il
1450 1872 1580 1917 giavel·

107 1917 211 1952 lotto:
236 1917 299 1950 cfr.
324 1915 396 1950 Cic.
427 1915 526 1948 Orat.
551 1915 606 1954 70,
630 1916 716 1949 234:
755 1917 1019 1950 Demosthenes,
1056 1919 1161 1951 cuius
1184 1929 1256 1951 non
1290 1923 1363 1951 tam
1390 1919 1580 1952 vibrarent

104 1963 272 2008 fulmina
296 1961 374 1999 illa,
399 1963 471 1994 nisi
495 1963 659 1994 numeris
691 1967 853 1995 contorta
885 1965 1086 2004 ferrentur.
1109 1962 1247 2003 Quanto
1274 1974 1293 1996 a
1322 1965 1427 2007 ferri,
1452 1974 1484 1996 V.
1517 1963 1579 2002 lx,

106 2008 140 2047 4,
166 2007 250 2040 112.-
285 1998 401 2056 oratit'n
417 2008 554 2048 ...ferri
589 2006 690 2040 debet
725 2018 768 2039 ac
789 2008 915 2050 fluere.
940 2026 983 2033 —-
1009 2013 1050 2039 ut
1115 2008 1228 2047 cedat,
1255 2009 1469 2042 concessivo.
1494 2012 1503 2026 ‘
1519 2019 1580 2052 per

107 2057 239 2098 quanto
275 2062 327 2084 Sia
425 2070 461 2075 —
501 2053 674 2084 continua
741 2054 934 2095 composita
950 2079 957 2090 ,
988 2057 996 2069 ⁶
1014 2052 1094 2085 d'un
1130 2057 1226 2097 getto
1245 2053 1252 2061 '
1313 2060 1320 2072 ⁶
1335 2054 1519 2087 risultantc
1543 2053 1578 2086 di

108 2097 198 2131 varii
223 2097 316 2142 pezzi
331 2096 350 2130 ἰ
374 2101 545 2139 soggetto.
570 2098 696 2129 oratio.

152 2143 209 2177 15.
233 2141 441 2185 capiendae,
466 2141 669 2174 sottintendi
693 2143 826 2175 animo.
852 2160 895 2167 -
919 2142 963 2175 tle
987 2143 1119 2185 quibus
1142 2143 1225 2175 dixi
1288 2155 1379 2188 quas
1404 2144 1580 2177 indicavi-

108 2198 202 2230 mus,
226 2185 285 2225 vl,
309 2187 341 2225 2,
366 2185 491 2218 29-30:
529 2197 619 2230 quas
634 2187 841 2228 φαντασίας
871 2186 1003 2220 Graeci
1027 2193 1164 2227 vocant,
1189 2198 1253 2222 nos
1276 2200 1363 2223 sane
1387 2190 1579 2222 visiones

107 2231 348 2276 appellemus,
366 2241 438 2274 per
460 2242 551 2274 quas
577 2232 752 2275 imayines
776 2243 899 2266 rerum
927 2233 1130 2266 absentiam
1166 2235 1216 2266 ita
1253 2239 1580 2278 repraesentantur

107 2278 242 2314 animo,
267 2281 310 2309 ut
331 2286 391 2309 eas
415 2287 564 2309 cernere
586 2276 701 2310 ocutis
723 2287 767 2310 ac
782 2283 994 2321 praesentes
1018 2278 1152 2312 habere
1175 2279 1375 2312 videamur.
1395 2279 1470 2312 Has
1487 2281 1580 2323 quis-

107 2323 190 2367 quis
222 2322 308 2356 bene
342 2323 555 2364 conceperit.
590 2322 621 2354 is
656 2322 726 2354 erit
760 2323 799 2354 in
835 2323 1037 2366 adfectibus
1064 2326 1349 2367 potentissimus.
1375 2346 1418 2349 —
1443 2325 1581 2357 dicturi

107 2368 257 2403 erimus,
283 2367 400 2399 futuro
424 2365 703 2400 indeterminato.
727 2385 769 2391 —
794 2368 833 2400 in
857 2368 1023 2411 adfectus
1053 2370 1276 2412 recipienda,
1307 2371 1382 2404 cioe
1407 2371 1580 2416 appassio-

107 2411 256 2450 narvisi;
280 2411 300 2445 e
324 2409 441 2455 quello
465 2411 540 2446 che.
567 2421 627 2454 per
651 2410 684 2445 lo
708 2411 767 2455 piu
792 2412 846 2446 nel
873 2413 1080 2457 linguaggio
1105 2414 1262 2455 teatrale,
1286 2417 1314 2448 si
1332 2416 1407 2450 dice
1427 2429 1443 2448 ι(
1459 2418 1581 2450 imme-

107 2455 290 2491 daeimarsi
318 2468 348 2488 ».
366 2475 409 2481 -
427 2462 554 2499 pectus
622 2457 675 2489 vis
696 2459 838 2495 mentis,
862 2459 871 2473 ‘
886 2457 909 2490 ii
928 2458 1139 2492 sentimento
1153 2459 1160 2468 '
1222 2466 1230 2478 ⁶
1243 2459 1491 2506 l'intelligenza
1504 2462 1523 2499 ’ς
1549 2462 1579 2495 si

108 2501 287 2545 riportano
310 2501 620 2545 rispettivamonte.
645 2511 664 2534 e
688 2500 807 2544 quindi
833 2513 895 2546 per·
919 2503 974 2535 via
1000 2502 1034 2535 di
1060 2503 1217 2537 chiasmo
1240 2505 1317 2538 (cfr.
1342 2506 1375 2546 5,
1402 2507 1458 2539 15:
1492 2508 1579 2541 ribo-

108 2557 192 2579 rum
261 2547 406 2590 epulis),
430 2545 499 2579 alle
524 2546 656 2590 parolw:
675 2548 710 2578 in
725 2548 889 2590 adfectus
907 2549 1114 2590 recipienda
1128 2560 1146 2582 e
1161 2549 1325 2583 habenda
1343 2552 1382 2584 in
1398 2551 1523 2585 oculis.
1539 2572 1579 2576 —

107 2591 272 2632 disertos.
295 2602 328 2626 v.
355 2591 385 2630 1,
412 2590 475 2623 118
500 2601 533 2625 n.
560 2611 598 2614 —
625 2591 682 2625 16.
707 2592 951 2626 intendendus
975 2595 1134 2635 animus,
1157 2595 1219 2628 cfr.
1247 2596 1276 2634 1,
1299 2595 1342 2628 24
1367 2607 1386 2631 e
1409 2597 1442 2638 3,
1464 2597 1519 2631 23.
1537 2615 1581 2623 -
