1887 2901
354 109 431 150 108
856 121 990 150 cAPur
1018 123 1091 150 vn.
1123 113 1145 159 ξ
1176 112 1331 150 11-13
1802 96 1806 100 ”
1838 0 1887 198 Ξ

283 203 322 237 11
407 197 479 238 Est
506 197 636 251 igitur
679 209 777 238 usus
822 197 988 250 quidam
1034 197 1303 248 inrationalis,
1333 211 1457 252 quam
1491 197 1636 240 Graeci
1667 197 1829 246 ἄλογον
1870 188 1887 250 ’ἱ

349 263 495 313 τριβήν
526 264 681 311 vocant,
703 275 784 314 qua
806 275 949 303 manus
970 263 1011 302 in
1032 262 1242 304 scribendo
1262 263 1453 312 decurrit,
1486 276 1566 316 qua
1595 263 1704 305 oculi
1726 266 1830 304 totos
1883 275 1887 319 ζ

348 326 473 367 simul
505 326 546 367 in
578 327 749 368 lectione
780 339 918 368 versus
949 326 1155 380 flexusque
1176 339 1314 368 eorum
1336 330 1378 369 et
1397 329 1596 369 transitus
1615 327 1830 368 intuentur
1886 335 1887 341 ¹

348 393 390 432 et
419 393 510 432 ante
541 391 754 444 sequentia
784 391 922 433 vident
952 404 1076 444 quam
1120 392 1254 445 priora
1292 391 1491 434 dixerunt.
1525 392 1613 443 Quo
1641 393 1838 434 constant
1883 409 1887 412 ⁴

349 456 549 497 miracula
578 456 654 496 illa
672 456 714 496 in
736 456 889 498 scaenis
919 456 1159 509 pilariorum
1182 469 1226 497 ac
1249 457 1552 507 ventHatorum,
1578 459 1623 499 ut
1642 469 1702 507 ea,
1724 469 1829 510 quae

349 520 572 570 emiserint,
602 520 712 561 ultro
743 520 878 562 venire
898 521 941 561 in
973 533 1116 562 manus
1147 520 1286 562 credas
1307 523 1348 562 et
1367 534 1449 574 qua
1468 523 1662 564 iubentur
1692 520 1829 562 decur-
1884 517 1887 522 ⁴

281 593 323 626 12
349 598 445 626 rere.
473 584 549 626 Sed
581 585 648 626 hic
677 598 776 626 usus
806 585 865 626 ita
895 585 1085 639 proderit,
1116 586 1149 627 si
1174 598 1234 636 ea,
1251 585 1298 627 de
1320 598 1401 639 qua
1429 586 1555 628 locuti
1586 599 1742 637 sumuS,
1764 599 1830 628 ars

347 650 621 699 antecesserit,
653 652 700 689 ut
730 650 864 702 ipsum
912 650 1031 699 illud,
1064 650 1169 703 quod
1209 651 1252 691 in
1283 663 1323 692 se
1354 651 1549 692 rationem
1584 664 1662 693 uon
1693 651 1829 701 habet,

347 713 387 753 in
419 714 573 755 ratione
605 715 799 755 versetur.
831 714 937 755 Nam
967 715 1072 755 mihi
1108 728 1157 756 ne
1200 715 1332 756 dicere
1363 715 1529 768 quidem
1560 716 1720 757 videtur
1748 715 1829 758 nisi

279 782 322 817 13
348 779 416 830 qui
447 778 654 832 disposite,
685 780 836 827 ornate,
858 779 1014 833 copiose
1036 779 1151 830 dicit,
1174 779 1243 821 sed
1259 780 1520 821 tumultuari.
1554 780 1637 822 Nec
1667 780 1828 823 fortuiti

347 843 540 884 sermonis
570 845 803 885 contextum
833 844 1011 886 mirabor
1031 857 1243 897 umquam,
1267 857 1387 897 quem
1419 844 1679 900 iurgantibus
1703 845 1829 887 etiam

345 907 602 949 mulierculis
647 908 895 962 superfluere
926 908 1063 958 video,
1093 921 1187 950 cum
1222 921 1267 950 eo
1302 909 1428 962 quod,
1459 909 1493 950 si
1530 910 1638 951 calor
1667 922 1714 951 ac
1752 910 1830 963 spi-

346 972 451 1013 ritus
483 973 594 1022 tulit,
626 973 859 1026 frequenter
892 973 1043 1015 accidit
1072 976 1120 1015 ut
1149 986 1379 1015 successum
1410 974 1722 1028 extemporalem
1743 987 1828 1016 con-

390 1119 439 1153 11.
465 1121 711 1160 inrationalis,
735 1125 745 1139 ‘
760 1114 961 1155 meccanico
976 1121 995 1159 ’ς
1021 1122 1082 1154 cfr.
1102 1121 1142 1161 11,
1163 1120 1214 1160 15,
1231 1120 1295 1155 23:
1321 1121 1473 1166 quidam
1491 1132 1572 1155 eam
1589 1121 1640 1166 (Ia
1664 1121 1829 1164 retoriea)

346 1175 463 1208 neque
499 1167 573 1198 vim
608 1176 725 1210 neque
761 1167 951 1200 scientiam
987 1177 1103 1211 neque
1139 1173 1257 1200 arteni
1287 1173 1528 1210 putaverunt,
1552 1169 1615 1201 sed
1645 1167 1827 1202 Critolaus

347 1221 456 1242 usum
481 1210 627 1244 dicendi
649 1215 751 1253 (nam
787 1212 852 1245 hoc
888 1214 992 1254 τριβή
1017 1213 1273 1256 significat)...;
1306 1213 1543 1246 inrationalis
1568 1223 1637 1246 non
1663 1213 1681 1247 e
1706 1212 1828 1258 pat-ola

346 1254 438 1287 della
465 1254 604 1290 latinita
621 1256 778 1290 classica.
796 1277 840 1280 —
856 1268 979 1301 quam,
997 1257 1133 1290 riferito
1149 1268 1168 1289 a
1188 1259 1315 1299 τριβήν
1333 1268 1431 1291 come
1449 1257 1460 1290 i
1478 1269 1564 1302 qua,
1581 1257 1648 1291 che
1665 1269 1827 1302 vengono

347 1299 446 1343 dopo.
472 1320 515 1324 —
540 1312 673 1335 manus
738 1302 914 1341 decurrit,
949 1312 1029 1335 cosa
1065 1303 1123 1345 gin
1160 1307 1279 1335 notata
1313 1303 1355 1335 da
1391 1302 1561 1337 Cicerone
1586 1303 1631 1336 de
1661 1301 1761 1336 Orat.
1787 1302 1828 1342 ll,

347 1343 402 1383 30,
430 1344 502 1378 130.
528 1364 571 1370 —-
595 1358 733 1385 versus,
758 1347 821 1380 cfr.
849 1350 878 1381 1,
903 1348 946 1379 38
972 1358 1002 1380 n.
1041 1365 1084 1372 —
1116 1348 1237 1391 flea-us
1303 1354 1336 1380 ec
1362 1350 1549 1386 transitus,
1581 1348 1660 1382 vale
1697 1359 1718 1382 a
1753 1347 1828 1382 dire

347 1394 437 1423 tutto
461 1390 516 1423 cio
541 1391 607 1425 che
633 1391 797 1435 riguarda
823 1392 855 1426 le
881 1391 982 1436 righe
1018 1392 1111 1425 della
1148 1392 1311 1425 seritturn
1344 1393 1562 1426 considerate
1586 1397 1676 1427 sotto
1702 1393 1727 1426 il
1752 1392 1827 1427 loro

346 1439 481 1478 aspetto
506 1437 699 1470 materiale.
726 1456 768 1462 —
793 1438 981 1475 dixerunt,
1018 1447 1087 1470 non
1125 1437 1273 1481 potendo
1309 1448 1413 1471 avere
1446 1448 1507 1481 per
1531 1443 1704 1482 soggetto,
1727 1447 1827 1472 come

346 1482 542 1513 intuentur
565 1493 584 1516 e
609 1483 743 1520 vident,
768 1483 866 1515 oculi
889 1487 922 1519 (a
948 1492 1050 1515 meno
1081 1482 1147 1516 che
1172 1482 1201 1515 si
1227 1481 1344 1526 voglia
1369 1484 1591 1516 ammettervi
1617 1494 1683 1516 una
1709 1483 1827 1528 speeie

346 1524 382 1557 di
406 1527 577 1569 zeugma),
603 1538 646 1560 va
671 1532 836 1571 supposto
862 1539 893 1571 p.
934 1538 981 1560 es.
1023 1527 1180 1561 lectores.
1214 1547 1258 1551 ’-
1288 1527 1484 1566 miracula,
1525 1528 1685 1573 ‘prodigi
1700 1527 1720 1566 ’ς
1751 1538 1826 1562 eor-

347 1569 509 1614 risponde
541 1573 812 1616 perfettamente
847 1584 867 1605 a
904 1574 1084 1613 θαύματα.
1120 1592 1164 1596 —
1199 1582 1269 1616 quo
1357 1573 1615 1606 ventilatorum
1634 1579 1731 1612 miit,
1763 1584 1826 1618 per

346 1619 470 1659 questa
509 1618 725 1651 costruzione
761 1618 823 1650 cfr.
851 1617 880 1653 1,
917 1617 978 1650 ᾖδε
1004 1617 1101 1660 quod
1165 1618 1334 1660 facimus,
1367 1624 1408 1650 ut
1431 1629 1450 1652 e
1475 1629 1508 1651 n.
1533 1637 1577 1643 —
1596 1618 1825 1662 pilariorum

347 1671 390 1694 ac
413 1662 686 1705 ventilator-iim,
711 1662 904 1706 giocolieri,
922 1662 1174 1706 specialmente
1191 1662 1225 1695 di
1240 1662 1423 1696 bussolotti
1448 1662 1557 1706 (pila,
1592 1675 1610 1694 «
1629 1663 1722 1707 palla
1735 1665 1782 1706 »),
1806 1675 1826 1698 e

347 1705 583 1749 prestigiatori
609 1718 628 1740 ο
653 1707 835 1752 giocolieri
875 1707 908 1740 di
945 1718 1065 1744 mano:
1101 1707 1300 1741 ventilator
1323 1719 1387 1741 eon
1415 1707 1484 1741 tale
1520 1707 1721 1752 significato
1756 1719 1825 1742 non

347 1750 478 1785 ricorre
502 1752 647 1786 altrove.
675 1752 687 1786 l
712 1755 779 1786 due
802 1752 951 1797 genitivi
982 1763 1068 1786 sono
1093 1752 1134 1785 da
1170 1752 1340 1796 riportare
1366 1763 1434 1786 non
1459 1764 1477 1786 a
1504 1754 1699 1790 miracula,
1724 1764 1781 1787 ma
1805 1765 1826 1788 a

346 1797 496 1829 scaenis.
521 1817 563 1822 —
588 1799 627 1830 in
654 1809 796 1833 maniis.
820 1797 914 1842 degli
939 1798 1041 1830 stessi
1066 1797 1258 1841 giocolieri.
1275 1818 1316 1822 ἡ
1352 1798 1409 1832 12.
1435 1799 1485 1830 ita
1502 1800 1587 1837 ...δή
1612 1800 1826 1832 ·solamente

346 1841 523 1885 quando';
549 1844 585 1876 in
610 1848 731 1887 questo
756 1854 857 1877 senso
882 1846 901 1877 e
927 1843 1027 1876 modo
1054 1843 1282 1877 usitatissimo
1307 1843 1343 1875 in
1360 1842 1578 1884 Quintiliano
1603 1844 1679 1887 (cfr.
1707 1843 1769 1884 Xl,
1793 1845 1826 1884 3,

348 1885 428 1919 130:
454 1889 705 1922 ambulantem
732 1889 831 1933 loqui
856 1890 906 1921 ita
932 1889 1080 1921 demam
1105 1894 1253 1931 oportet,
1286 1890 1319 1928 si
1354 1890 1393 1921 in
1417 1890 1538 1922 causis
1558 1889 1719 1932 publicis
1736 1891 1783 1932 ...)
1806 1899 1826 1923 e

347 1930 443 1975 negli
478 1933 631 1967 scrittori
667 1933 759 1967 della
797 1933 935 1966 latinita
973 1933 1174 1977 posteriore.
1217 1953 1256 1957 -
1295 1933 1406 1967 locuti
1440 1945 1578 1972 sumus,
1609 1936 1655 1975 §g
1690 1933 1758 1967 5-7.
1782 1952 1826 1960 —-

346 1977 443 2021 quod
508 1989 580 2011 non
591 1979 707 2018 habet,
732 1978 866 2013 intendi
894 1990 979 2012 usus
993 1978 1056 2011 ille
1074 1979 1317 2012 inrationalis.
1332 1998 1375 2004 -
1392 1980 1430 2011 in
1444 1980 1586 2012 ratione
1599 1985 1766 2013 versetur
1781 1995 1827 2009 =

347 2023 439 2055 artis
469 2029 504 2056 et
536 2026 692 2058 rationis
722 2025 927 2068 praeceptis
967 2026 1209 2057 contineatur.
1237 2044 1279 2048 —-
1303 2025 1376 2057 nisi
1411 2025 1532 2068 qui...‚
1557 2025 1618 2057 cfr.
1656 2023 1825 2059 Cicerone

347 2068 392 2100 de
422 2066 522 2101 Orat.
548 2069 572 2108 Ι,
600 2069 651 2107 11,
688 2069 752 2102 48:
790 2072 995 2103 ...oratoris
1031 2069 1127 2102 nillil
1159 2071 1213 2102 vis
1246 2080 1320 2103 esse
1344 2070 1416 2102 nisi
1448 2071 1661 2113 composite,
1687 2076 1827 2104 ornate.

347 2115 486 2156 copiose
510 2114 619 2158 loqui.
648 2114 708 2148 Dei
736 2118 787 2148 tre
811 2115 955 2148 avverhi
981 2114 1004 2147 il
1031 2114 1142 2157 primo
1178 2115 1364 2158 (disposite
1388 2124 1406 2147 e
1431 2116 1626 2157 composite
1650 2114 1767 2148 hanno
1792 2115 1826 2149 lo

347 2163 457 2192 stesso
482 2158 696 2203 significato)
720 2159 886 2204 riguarda
913 2160 945 2193 la
969 2160 1168 2202 collocatio,
1203 2159 1227 2192 il
1261 2159 1410 2193 secondo
1436 2159 1467 2192 la
1494 2160 1658 2203 elocutio,
1682 2159 1707 2193 il
1733 2165 1826 2194 terzo

348 2203 381 2237 la
407 2205 576 2238 inventio.
601 2224 644 2230 —
670 2205 905 2243 tumultuari,
931 2205 992 2238 cfr.
1020 2204 1094 2241 vll,
1115 2216 1276 2248 prooem.
1301 2206 1340 2238 3:
1371 2207 1487 2238 oratio
1511 2216 1639 2239 carens
1664 2205 1732 2239 liac-
1755 2207 1828 2238 vir-

349 2255 424 2282 tute
448 2250 536 2290 (cioe
562 2249 723 2293 l'ordine)
748 2251 998 2284 tumultuetur
1022 2261 1162 2283 necesse
1193 2256 1263 2289 est,·
1287 2261 1305 2283 e
1339 2249 1380 2290 11,
1412 2250 1536 2287 1211:
1572 2262 1656 2284 cum
1676 2251 1825 2289 interim

348 2306 420 2327 non
445 2301 583 2329 actores
607 2296 712 2328 modo
737 2295 880 2339 aliquos
906 2297 1081 2333 invenias,
1107 2296 1181 2334 sed,
1206 2296 1302 2340 quod
1318 2302 1369 2329 est
1387 2297 1551 2339 turpius,
1575 2301 1826 2340 praeceptores

348 2341 469 2378 etiam,
495 2342 559 2385 qui
584 2342 728 2374 brevem
753 2341 899 2374 (licendi
923 2342 1219 2374 exercitationwn
1233 2342 1425 2377 consecuti,
1451 2342 1583 2374 omissa
1607 2342 1761 2383 ratione,
1785 2347 1827 2372 ut

349 2385 432 2418 tulit
458 2388 624 2430 impetus,
635 2387 773 2430 passim
800 2386 1074 2419 tumultuentur
1149 2405 1190 2411 —
1267 2387 1324 2420 13.
1347 2387 1505 2428 fortuiti,
1530 2395 1538 2404 ·
1554 2386 1642 2420 fatto
1665 2396 1685 2419 a
1709 2395 1791 2419 caso
1806 2385 1826 2419 '.

349 2450 390 2455 ——
416 2437 636 2471 contextum,
661 2431 719 2475 qui
747 2431 803 2464 nel
828 2442 930 2465 senso
965 2430 998 2464 di
1037 2438 1044 2449 ⁶
1063 2432 1235 2464 viu-bosun
1252 2431 1269 2464 'z
1295 2431 1357 2464 cfr.
1382 2436 1472 2464 sotto
1497 2434 1519 2472 ἕ
1543 2430 1597 2464 26.
1621 2448 1664 2456 -
1693 2441 1823 2474 super-

347 2476 465 2520 fluere
479 2477 593 2514 video,
610 2479 698 2521 App.
715 2476 791 2509 erit.
811 2495 854 2502 —
871 2487 954 2509 cum
972 2487 1011 2510 eo
1028 2477 1135 2520 quod,
1154 2487 1274 2510 senso:
1301 2481 1422 2510 tenuto
1441 2481 1544 2510 conto
1567 2475 1601 2508 di
1615 2475 1679 2513 cio,
1697 2476 1763 2509 che
1778 2487 1826 2515 ...ς

350 2531 410 2565 per
447 2533 491 2554 un
531 2522 632 2555 inodo
664 2521 782 2555 simile
814 2533 845 2554 v.
873 2521 914 2561 ll,
947 2521 977 2560 4,
1010 2521 1071 2556 30:
1099 2521 1176 2559 XII,
1202 2521 1255 2560 10,
1290 2521 1343 2553 47.
1379 2540 1420 2546 --
1449 2521 1551 2555 calor·
1587 2531 1630 2554 ac
1660 2522 1827 2564 spiritus,

349 2566 511 2599 endiadi:
538 2566 589 2600 ‘il
615 2567 732 2600 calore
757 2566 1056 2600 dell'entusiasnw
1072 2567 1086 2597 “.
1116 2586 1158 2592 -
1185 2567 1280 2605 tulit,
1305 2565 1595 2603 assolutamente:
1620 2565 1639 2600 e
1663 2565 1827 2600 iterativo

350 2623 369 2645 e
395 2612 516 2657 quindi
554 2612 777 2657 corrisponde
813 2611 1015 2645 ull'aoristo
1050 2623 1165 2656 greco.
1192 2631 1234 2637 —
1258 2622 1462 2646 successum
1486 2612 1828 2656 exteaiipomlem=
