1887 2901
277 27 307 39 ..
354 0 919 44 W'F'W‘Wfr
952 0 961 7 '
999 11 1006 21 ›
1050 6 1058 13 ¹

150 41 193 62 ’1,
239 38 249 48 ⁸
308 55 310 57 ,
351 44 366 66 Ι·
390 50 394 58 ι
472 43 496 54 ’ν
542 51 554 55 ·-
594 50 598 54 -
747 54 750 59 .

684 122 816 150 capo-r
844 124 872 150 1.
902 113 931 159 g¹
956 111 1028 150 106
1537 111 1589 150 55

38 228 40 230 -
80 202 99 225 2
121 198 278 241 fortiter
298 196 563 252 opposuerim.
595 196 678 239 Nec
695 198 833 252 ignoro
855 199 1049 250 quantam
1067 195 1167 238 mibi
1184 195 1380 238 concitem
1395 209 1588 251 pugnam,

124 275 216 306 curn
248 263 485 318 praesertim
517 275 591 304 non
624 261 664 302 id
695 263 750 303 sit
778 261 984 316 propositi,
1005 263 1051 302 ut
1080 274 1172 303 eum
1195 261 1456 303 Demostheni
1487 273 1589 302 com-

119 340 255 382 parem
287 328 359 369 hoc
389 328 589 380 tempore;
621 339 749 380 neque
779 327 887 368 enim
912 327 1075 375 attinet,
1095 338 1188 367 cum
1219 325 1515 367 Demosthenen
1545 326 1585 366 in

116 392 261 446 primis
290 390 506 443 legendum
543 391 603 432 vel
644 391 903 433 ediscendum
938 391 1073 444 potius
1107 392 1260 444 putem.
1295 390 1477 441 Quorum
1514 403 1586 444 ego
1614 399 1677 433 106

117 457 288 499 virtutes
318 455 530 510 plerasque
566 456 739 498 arbitror
778 455 945 504 similes,
985 455 1214 503 consilium,
1251 455 1444 504 ordinem,
1484 454 1588 496 divi-

116 520 249 570 dendi,
284 520 562 574 praeparandi,
583 520 776 574 probandi
798 520 1009 570 rationem,
1052 518 1225 576 [omnia]
1267 519 1454 572 denique,
1484 531 1587 572 quae

115 587 211 627 sunt
240 585 496 626 inventionis.
520 585 564 625 In
586 584 808 638 eloquendo
828 585 890 626 est
909 584 1048 638 aliqua
1069 584 1300 625 diversitas:
1323 583 1481 625 densior
1501 583 1586 632 ille,

116 649 183 692 hic
211 649 419 704 copiosior,
450 649 522 691 ille
553 649 761 691 concludit
780 649 1028 699 adstrictius,
1059 649 1126 690 hie
1161 648 1299 698 latius,
1330 650 1486 704 pugnat
1515 648 1586 690 ille

115 809 266 855 711143),
291 811 310 845 e
346 811 557 845 abbastanza
587 811 798 849 eonoseiuto,
822 822 840 844 e
865 810 986 855 quindi
1011 821 1080 844 non
1105 811 1124 844 0
1155 810 1351 844 necessario
1386 811 1442 844 far
1475 821 1587 845 eenno

116 856 160 890 ne
196 856 252 890 dei
288 856 360 890 casi
397 856 488 890 della
524 868 584 890 sua
612 857 694 895 vita,
732 857 773 889 ne
806 855 896 889 delle
931 866 992 889 sue
1028 866 1148 900 opere:
1183 855 1273 888 hasti
1309 855 1484 890 ricordare
1521 855 1587 890 che

116 900 208 935 delle
231 901 383 935 orazioni
409 901 443 934 di
469 901 517 935 lui
543 901 682 946 (poiche
705 903 763 945 qui
790 901 808 934 0
833 900 1049 935 considerato
1073 900 1366 934 eselusivamente
1389 911 1487 935 come
1503 911 1584 934 ora-

117 950 204 987 tore)
230 956 273 980 ne
297 946 458 979 abbiamo
483 957 611 979 ancora
634 946 675 978 57
701 957 721 978 o
748 946 871 980 intiere
895 956 915 979 0
939 956 1003 979 con
1021 945 1118 979 brevi
1144 945 1279 979 lactine.
1294 964 1336 971 —-
1360 947 1585 990 cuicumque.

117 1001 282 1034 pronome
308 991 500 1030 indefinito,
525 991 621 1024 d'uso
646 1002 724 1024 raro
749 1001 813 1024 eon
840 990 908 1024 lale
933 991 1051 1024 valore
1075 989 1168 1024 nella
1195 989 1332 1023 latinita
1357 1001 1474 1030 aurea,
1497 992 1586 1025 dove

117 1036 136 1070 ὁ
160 1035 347 1080 adoperato
371 1038 489 1080 quivis
513 1047 533 1069 o
557 1036 727 1080 quilibet:
752 1036 814 1069 cfr.
840 1041 862 1077 ἦ
889 1035 930 1067 12
947 1046 965 1069 0
990 1046 1022 1068 n.
1037 1054 1079 1060 —
1096 1046 1233 1073 eorum,
1251 1035 1326 1069 eioe
1350 1035 1585 1069 Graecorum.

117 1096 155 1106 -ι
182 1083 339 1124 fortiter.
364 1081 689 1120 ί1-1501111ῑι1ι101110“;
715 1080 785 1114 cosi
812 1080 836 1118 l,
859 1080 892 1116 5,
917 1081 977 1112 72:
1011 1082 1158 1124 fortiter
1189 1081 1402 1120 diceremus,
1425 1091 1444 1114 e
1462 1080 1504 1120 V,
1533 1081 1586 1120 10,

115 1124 175 1159 78:
199 1127 345 1168 fortiter
410 1128 616 1163 strinxerim,-
641 1126 696 1159 nei
722 1130 773 1158 tre
798 1125 920 1169 luoglii
946 1125 971 1158 il
995 1125 1223 1168 congiuntivo
1240 1130 1384 1159 attenua
1401 1124 1586 1170 l'asprezza

116 1169 455 1204 dell'afl'ermazione.
481 1190 523 1194 --
547 1177 756 1214 quantam...
779 1181 956 1213 punierim,
983 1170 1110 1214 perche
1146 1169 1216 1213 egli
1241 1170 1382 1214 giudiea
1418 1169 1586 1205 Cicerone

118 1214 154 1248 in
180 1215 281 1248 modo
306 1215 371 1248 ben
398 1215 534 1248 diverso
558 1215 614 1248 dai
649 1215 723 1249 suoi
761 1215 1054 1259 contemporanei,
1080 1215 1089 1248 i
1115 1214 1209 1259 quali
1236 1226 1278 1248 ne
1309 1225 1465 1249 avevano
1501 1227 1586 1260 poca

116 1260 232 1293 stima.
258 1261 288 1293 Α
315 1265 409 1294 tacer
433 1259 558 1295 d'altri.
585 1260 706 1294 Asinio
728 1259 828 1293 Gallo
852 1264 978 1301 (morto
1004 1259 1059 1293 nel
1084 1260 1126 1293 33
1151 1259 1182 1292 d.
1199 1259 1280 1300 Cn).
1298 1259 1395 1304 figlio
1412 1260 1446 1293 di
1464 1261 1586 1295 Asinio

117 1303 288 1339 Pollione.
312 1305 437 1338 scrisse
455 1316 500 1337 un
516 1304 633 1338 lavoro
658 1306 702 1339 de
719 1308 989 1348 ‹·0mparatione
1006 1306 1127 1348 patris
1152 1310 1186 1337 et
1203 1306 1382 1338 Ciceronis
1399 1305 1504 1348 (Plin.
1521 1305 1585 1348 Ep.

118 1349 192 1388 Vll,
215 1350 248 1385 4,
272 1349 317 1391 3),
338 1349 425 1383 dove
453 1350 657 1383 affermava:
688 1350 892 1396 Ciceronem
925 1361 1063 1393 parum
1089 1350 1228 1393 inteqre
1254 1355 1362 1394 atque
1386 1352 1587 1394 improprie

116 1400 226 1439 atque
242 1395 507 1428 inconsiderate
532 1395 703 1427 locutum.
732 1394 780 1427 La
804 1399 914 1428 stessa
939 1405 1018 1428 cosa
1043 1394 1151 1427 asseri
1177 1394 1235 1438 pisi
1254 1394 1354 1432 tardi,
1382 1395 1467 1434 cioe,
1493 1406 1586 1440 pare,

117 1449 217 1473 verso
248 1439 281 1472 la
306 1441 375 1473 fine
410 1439 465 1473 del
504 1439 665 1475 [secolo.
703 1439 830 1481 Largio
869 1439 989 1473 Licino
1026 1439 1060 1471 in
1086 1450 1132 1472 un
1164 1449 1226 1472 suo
1263 1439 1381 1474 libello
1416 1445 1536 1474 contro
1562 1440 1586 1474 il

116 1483 250 1529 grande
272 1488 420 1524 oratore,
451 1484 707 1518 c'r‘ceromnstix
732 1488 786 1516 (Α,
814 1484 926 1518 Gellio
955 1484 1066 1523 XVII,
1093 1483 1123 1521 1,
1148 1483 1179 1522 1;
1214 1483 1260 1516 ivi
1287 1490 1440 1529 appunto
1465 1485 1493 1518 si
1520 1486 1587 1530 leg-

116 1539 208 1574 gono
233 1528 265 1562 le
291 1529 407 1573 parole
438 1529 686 1563 Ciceronem
714 1529 952 1570 loczaetzem).—
968 1540 1039 1562 non
1065 1529 1102 1561 id
1126 1531 1173 1561 sit
1198 1531 1388 1572 propositi,
1406 1536 1482 1563 ut...
1497 1541 1587 1563 com-

113 1585 257 1618 parem,
281 1574 306 1607 il
332 1574 469 1607 nietodo
493 1574 547 1608 dei
574 1574 745 1618 paralleli,
770 1575 825 1608 nel
851 1575 954 1619 quale
979 1574 1019 1607 da
1045 1573 1163 1607 alcuni
1187 1573 1216 1606 si
1233 1574 1309 1607 suol
1329 1575 1381 1608 far
1397 1575 1586 1609 consistere

117 1623 206 1653 tutta
231 1618 264 1651 la
290 1618 457 1663 filologia,
483 1619 639 1653 formava
665 1624 763 1663 parte
789 1619 986 1663 integranto
1011 1618 1360 1662 ‹lell'insegnamento
1385 1620 1440 1653 dei
1475 1631 1588 1664 gram·

118 1663 238 1697 matici
263 1675 282 1697 a
307 1663 437 1701 Roma:
462 1674 560 1698 come
586 1665 765 1698 vedemmo
803 1664 860 1708 piu
890 1676 940 1703 su,
964 1663 1182 1704 Quintiliano
1218 1669 1324 1698 mette
1349 1676 1367 1698 a
1404 1667 1587 1699 confronto

118 1708 268 1753 Virgilio
293 1719 357 1742 con
383 1709 520 1748 Omero,
544 1720 563 1742 e
589 1709 753 1742 Sallustio
778 1720 796 1743 e
824 1709 922 1742 Livio
958 1708 1259 1753 rispettivamente
1283 1720 1346 1743 con
1377 1710 1543 1744 Tucidide
1568 1721 1587 1744 e

117 1753 278 1788 Erodoto.
306 1753 365 1787 Del
393 1758 484 1787 resto
508 1754 620 1788 anche
645 1755 714 1798 qui.
741 1754 875 1787 benolio
900 1754 976 1787 dica
1002 1754 1068 1787 che
1105 1764 1172 1787 non
1209 1753 1442 1798 s‘appartiene
1466 1754 1499 1788 al
1524 1766 1587 1789 suo

119 1798 294 1842 proposito
318 1799 351 1831 di
378 1798 552 1832 instituire
578 1810 623 1831 un
651 1810 826 1842 paragone
864 1799 915 1831 fra
952 1798 1119 1832 Cicerone
1144 1809 1162 1831 0
1193 1798 1409 1839 Demostene,
1435 1799 1468 1833 lo
1493 1800 1588 1833 insti-

118 1843 228 1876 tuisee
252 1842 413 1877 dax-vero.
432 1863 472 1868 κ·
500 1844 740 1880 Demostheni.
766 1855 798 1876 v.
823 1846 845 1884 ,ξ
869 1843 923 1876 76.
950 1864 984 1867 —-
1015 1844 1154 1881 attinet,
1179 1848 1277 1876 usato
1303 1844 1587 1878 assolutamente.

117 1906 162 1912 —
206 1888 293 1922 106.
319 1899 486 1932 quornm,
511 1888 679 1922 Cicerone
704 1900 722 1921 0
749 1889 964 1922 Demosteno.
990 1907 1033 1913 —
1057 1889 1210 1921 virtutes
1233 1889 1587 1932 plerosquesimiles,

118 1932 388 1966 limitaiainente
413 1932 482 1966 alla
509 1935 677 1966 inventio.
703 1952 745 1958 —
770 1933 1178 1976 consz'livm,⁴disegno';
1195 1934 1258 1967 cfr.
1279 1934 1319 1973 11,
1338 1934 1390 1972 13,
1405 1934 1446 1966 2:
1473 1946 1531 1968 res
1547 1936 1585 1967 in

118 1983 264 2011 oratore
283 1979 486 2021 praecipua
510 1978 704 2011 consilium
728 1983 789 2012 est.
814 1979 902 2022 qvia
929 1979 1028 2011 roric
1044 1978 1143 2011 etad
1166 1989 1294 2012 rerum
1312 1985 1492 2013 momenta
1510 1990 1588 2013 con-

119 2024 290 2056 vertitur.
315 2041 357 2047 ——
381 2023 559 2059 ordinem,
585 2022 619 2056 in
644 2023 708 2056 che
744 2023 894 2057 consista
922 2023 1172 2066 precisaniente
1198 2022 1230 2056 lo
1270 2023 1345 2059 dice
1369 2024 1588 2065 Quintiliano

119 2066 193 2103 Vll.
222 2066 251 2106 1,
286 2066 321 2099 1;
346 2073 443 2101 recto
470 2068 650 2111 quaedam
675 2068 860 2101 collocatio
880 2069 1068 2111 prioribus
1104 2070 1289 2112 sequentia
1314 2069 1518 2103 adnectens.
1543 2088 1587 2095 —

118 2111 318 2149 dividendi,
344 2111 377 2145 la
402 2112 649 2146 distribuzione
674 2112 764 2146 delle
782 2112 877 2146 varie
895 2113 983 2157 parti
1002 2112 1255 2147 «lell‘orazione.
1269 2115 1588 2158 —praeparandi,

118 2157 339 2191 nell'esordio
364 2157 440 2197 (cfr.
466 2160 488 2198 g
512 2157 572 2189 21:
597 2164 846 2201 praeparat
863 2168 882 2191 e
908 2165 964 2198 n.).
998 2178 1040 2181 —-
1061 2158 1255 2201 probandi,
1292 2159 1325 2193 la
1361 2164 1459 2204 parte
1495 2159 1587 2194 della

118 2202 280 2236 orazione
304 2201 481 2235 chiamata
505 2203 741 2245 confirmatio.
773 2223 798 2226 -
831 2203 981 2252 [omnia]
1007 2203 1181 2247 (lenique.
1201 2228 1226 2242 .,
1253 2205 1341 2248 App.
1367 2204 1443 2238 crit.
1468 2224 1512 2228 —
1538 2206 1588 2237 in-

119 2248 308 2281 ventionis,
334 2246 365 2279 la
386 2247 496 2291 prima
521 2247 611 2281 delle
628 2247 753 2292 cinque
779 2247 868 2292 parti
894 2247 1110 2281 tradizionali
1137 2247 1227 2281 della
1253 2249 1416 2287 retorica;
1443 2248 1474 2283 le
1498 2248 1587 2283 altre

118 2295 258 2337 quattro
287 2301 370 2325 sono
407 2292 602 2335 dispositio,
635 2292 796 2332 elocutio,
825 2294 1012 2331 memoria,
1043 2295 1296 2337 pronuntiatio
1333 2297 1366 2335 (o
1394 2295 1511 2337 actio).
1545 2313 1585 2318 -

118 2337 246 2381 aliqua
282 2337 487 2375 diversitas,
519 2337 728 2381 ‹lipendente
757 2342 953 2382 sopratutto
985 2339 1036 2380 (se
1060 2338 1079 2371 0
1105 2348 1185 2371 vero
1214 2338 1280 2372 che
1310 2339 1341 2373 lo
1381 2338 1481 2373 stile
1523 2338 1586 2372 sia

120 2381 290 2422 l'uomo)
314 2381 405 2414 dalla
432 2381 568 2415 ‹liversa
595 2387 717 2415 natura
741 2382 796 2416 ‹lei
821 2382 887 2416 due
912 2383 1039 2416 oratori
1074 2393 1092 2416 0
1117 2383 1208 2416 dalle
1233 2384 1368 2418 diverse
1393 2383 1586 2418 condizioni

119 2426 272 2460 storiche
299 2426 333 2458 in
361 2437 474 2460 mezzo
499 2439 517 2459 a
543 2426 597 2460 eni
624 2427 754 2461 vissero
778 2438 796 2461 e
821 2438 1024 2472 operarono,
1048 2426 1080 2461 10
1105 2427 1200 2471 quali
1227 2440 1293 2461 non
1328 2432 1493 2473 poterono
1519 2440 1586 2463 non

120 2471 259 2504 influire
295 2471 407 2504 anclio
442 2483 481 2504 su
509 2472 539 2504 la
567 2471 639 2505 loro
664 2476 747 2506 arte.
787 2472 848 2506 Del
874 2477 965 2505 resto
995 2483 1058 2516 pur
1090 2473 1182 2506 nella
1209 2474 1318 2506 forma
1345 2474 1378 2507 la
1403 2473 1587 2508 differenza

121 2516 171 2549 fra
197 2515 365 2550 Cicerone
395 2528 413 2546 0.
448 2516 652 2550 llcinostene
684 2517 703 2550 e
729 2517 834 2550 molto
860 2518 917 2561 pisi
943 2518 1074 2560 grande
1103 2519 1168 2551 ulie
1192 2517 1411 2558 Quintiliano
1442 2519 1543 2552 creda
1569 2530 1589 2549 o

119 2561 259 2595 almeno
283 2561 369 2594 dica.
425 2562 720 2603 -1t1121.-1‘0r,cfr.§
743 2562 788 2595 73
813 2573 845 2595 n.
863 2583 903 2587 —
921 2564 1105 2605 copiosior.
1132 2563 1296 2597 tontoehe
1320 2563 1381 2598 c'e
1408 2564 1460 2597 fra
1486 2564 1494 2596 i
1522 2574 1589 2596 nio-

119 2605 218 2640 derni
241 2605 301 2639 chi
325 2607 503 2639 considera
537 2606 716 2647 Cicerone,
745 2618 800 2640 ma
825 2619 843 2639 a
871 2612 972 2646 torto,
997 2607 1203 2641 adclirittura
1229 2619 1326 2642 come
1352 2619 1398 2642 un
1424 2608 1587 2654 parolaio.
