1887 2901
478 11 513 25 .-
555 0 882 41 ›vff‘gtr-*sw---w-wm
937 0 978 11 ·-
1018 11 1026 18 .

512 21 526 34 t
600 24 622 35 ο,
655 23 695 37 2&
751 21 774 36 εἰ
820 28 825 32 ν

446 35 465 46 ι·
530 28 573 49 Κ,
719 34 747 54 γι
908 36 909 40 ,

674 139 805 167 onor
834 140 861 166 1.
894 131 916 175 ξ
945 127 1102 167 25-27
1577 129 1626 169 13

138 213 347 257 videatur.
370 213 528 256 Summi
551 214 659 255 enirn
682 216 788 262 sunt,
811 214 992 255 homines
1010 216 1159 263 tamen,
1182 213 1410 267 acciditque
1441 214 1518 266 his,
1540 215 1623 268 qui,
1649 223 1694 258 25

151 279 349 334 quidquid
381 277 488 332 apud
516 278 611 320 illos
641 281 914 332 reppererunt,
939 278 1097 320 dicendi
1128 279 1258 331 legem
1292 280 1450 333 putant,
1477 283 1528 320 ut
1557 281 1625 321 de-

149 344 297 386 teriora
325 343 540 384 imitentur
569 342 629 395 (id
675 343 781 384 enim
823 345 883 384 est
923 342 1103 395 facilius)
1133 355 1179 384 ac
1209 356 1249 384 se
1280 343 1438 385 abunde
1469 344 1624 385 similes

149 409 306 462 putent,
336 407 369 448 si
392 406 493 447 vitia
524 419 761 458 magnorum
781 409 1089 459 consequantur.
1113 406 1293 448 Modesto
1324 409 1459 448 tamen
1490 411 1530 449 et
1551 408 1621 449 cir·
1647 413 1691 446 26

149 473 378 526 cumspecto
408 471 560 512 iudicio
590 471 636 512 de
669 472 794 512 tantis
825 471 921 512 viris
951 471 1294 524 pronuntiandum
1327 475 1400 520 est,
1433 485 1494 521 ne,
1517 473 1622 525 quod

149 535 352 590 plerisque
382 535 543 583 accidit,
575 535 767 577 damnent
797 548 899 588 quae
921 547 996 576 non
1026 535 1285 590 intellegunt.
1312 538 1370 576 Ac
1401 536 1434 577 si
1467 549 1623 578 necesse

147 601 209 642 est
238 601 278 640 in
309 599 479 641 alteram
510 612 641 641 errare
673 602 842 653 partem,
873 599 1008 640 omnia
1029 611 1167 641 eorum
1199 600 1432 654 legentibus
1463 600 1622 654 placere

148 677 272 718 quam
302 664 433 705 multa
464 663 677 717 displicere
710 664 939 705 maluerim.

204 727 436 768 Plurimum
468 727 569 769 dicit
599 729 744 769 oratori
777 727 952 769 conferre
974 728 1276 781 Theophrastus
1298 729 1510 770 lectionem
1532 741 1623 782 poe·
1648 736 1689 769 27

146 794 281 834 tarum
327 792 531 845 multique
575 793 663 834 eius
709 792 907 834 iudicium
952 795 1192 845 sequuntur,
1230 806 1358 846 neque
1403 794 1620 835 immerito.

147 856 334 910 Namque
364 857 414 898 ab
445 857 509 898 his
539 857 580 898 in
611 857 730 898 rebus
761 857 930 910 spiritus
961 859 1001 898 et
1031 857 1072 897 in
1095 857 1226 898 verbis
1248 858 1482 898 sublimitas
1513 859 1554 899 et
1579 859 1620 899 in

146 921 374 963 adfectibus
403 923 536 962 motus
567 922 696 962 omnis
740 924 780 962 et
823 921 864 962 in
911 922 1090 974 personis
1129 922 1245 963 decor
1276 923 1442 975 petitur,
1474 923 1621 975 praeci-

146 999 304 1040 pueque
336 986 448 1028 velut
478 987 621 1027 attrita
651 985 852 1028 cotidiano
876 987 970 1027 actu
1001 985 1147 1028 forensi
1180 986 1344 1040 ingenia
1380 987 1531 1040 optime
1562 999 1620 1028 re-

148 1140 192 1174 A.
222 1139 262 1171 Ρ.
287 1138 375 1180 ΡῐιΩ).
403 1139 491 1172 Pero
516 1138 745 1180 Quintiliano.
771 1139 848 1178 ΧΠ,
876 1139 905 1172 1.
929 1139 983 1175 22,
1020 1140 1146 1183 ripete:
1183 1151 1291 1183 quem
1327 1139 1622 1183 (Demosthenen)

147 1184 403 1218 dormitare
428 1186 575 1218 interim
600 1185 687 1217 (lm-ic
705 1198 709 1216 ‹
725 1185 873 1225 Cicero):
891 1195 910 1217 e
940 1184 1103 1218 Plutarco
1127 1186 1193 1217 (ἵε.
1213 1185 1266 1227 24,
1284 1185 1304 1216 '2
1331 1185 1394 1217 ha:
1423 1187 1519 1225 τινές
1543 1189 1621 1219 τῶν

146 1231 478 1271 προσποιουμένων
515 1230 783 1271 δημοσθενίζειν
820 1231 1038 1270 ἐπιφύονται
1077 1234 1183 1271 φωνῇ
1224 1234 1292 1264 τοῦ
1336 1232 1545 1272 Κικέρωνος,
1574 1231 1620 1272 ἢν

145 1276 238 1317 πρὸς
261 1285 343 1308 τινα
367 1277 444 1308 τῶν
469 1275 623 1316 ἑταίρων
649 1277 775 1316 ἔθηκεν
794 1276 830 1308 ἐν
849 1275 1024 1315 ἐπιστολῇ
1049 1277 1203 1317 γράψας,
1229 1275 1372 1316 ἐνιαχοῦ
1398 1279 1476 1308 τῶν
1501 1277 1620 1313 λόγων

145 1321 413 1353 ἀπονυστάζειν
438 1320 504 1353 τὸν
528 1321 781 1361 Δηιιοσθένην
801 1319 1083 1353 Probabilniente
1100 1330 1119 1352 e
1138 1319 1230 1352 l'uno
1255 1330 1273 1352 e
1300 1320 1413 1352 l'altro
1431 1319 1619 1353 intendono

145 1363 292 1397 riferirsi
317 1374 420 1396 senza
446 1363 505 1407 piu
530 1363 599 1396 alle
626 1363 743 1407 parole
767 1363 801 1395 di
819 1362 889 1396 Cic.
912 1362 1010 1398 Orac.
1028 1363 1082 1398 29
1098 1364 1182 1396 104:
1196 1364 1480 1405 (Demosthenes)
1497 1376 1620 1407 quam-

143 1419 255 1452 quam
275 1419 372 1441 unus
388 1411 521 1441 emine!
536 1410 631 1441 inter
643 1419 766 1441 omnes
781 1420 817 1440 ιη
831 1419 862 1441 οι
865 1410 931 1441 nni
939 1419 1073 1452 qenere
1085 1409 1241 1447 amendi,
1256 1414 1376 1441 tamen
1391 1419 1462 1442 non
1476 1420 1618 1452 semper

144 1452 272 1496 implet
294 1463 404 1486 aures
430 1463 537 1486 meas.
564 1473 607 1477 —
631 1455 789 1488 interimi
814 1464 846 1485 v.
871 1444 981 1494 ξΟιι.
1007 1455 1096 1497 App.
1122 1453 1198 1486 crit.
1223 1472 1266 1478 -
1336 1453 1398 1487 25.
1417 1456 1562 1493 summi,
1581 1465 1616 1487 ιιι

142 1502 275 1542 quanto
299 1508 383 1531 sono
407 1498 544 1540 ορτίιζηι
570 1516 612 1522 -
637 1498 783 1531 dicendi
808 1498 933 1541 leyem,
958 1498 1020 1531 cfr.
1046 1501 1068 1539 ᾗ
1099 1498 1163 1529 76.
1201 1498 1477 1532 Demosthenes.
1483 1509 1617 1542 .paene

144 1543 205 1576 lex
227 1543 362 1576 orandi
383 1544 427 1584 Γιι
433 1544 478 1579 il:
503 1542 648 1575 dicendi
671 1554 691 1576 e
715 1543 845 1576 manda
875 1542 936 1576 des
921 1543 1069 1587 ignauo
1086 1542 1108 1575 l
1112 1547 1186 1577 arte
1203 1542 1376 1579 oratoria:
1403 1543 1462 1577 lex
1487 1554 1555 1577 non
1574 1555 1616 1577 xa

142 1587 293 1621 tradotto
320 1587 499 1637 «legge».
524 1606 567 1612 —
592 1589 663 1621 obn
667 1588 749 1627 nde,
774 1587 829 1621 nel
855 1598 955 1621 senso
987 1587 1022 1620 cli
1050 1587 1165 1627 2-‚alcle
1190 1588 1415 1622 Γιιιίοιῑειιίιο
1440 1588 1474 1621 di
1499 1594 1616 1632 agget-

142 1632 206 1665 tivi
230 1643 250 1666 e
273 1631 307 1664 di
332 1631 487 1669 avverbi,
523 1633 594 1665 cosi
632 1634 667 1665 in
699 1632 918 1673 Quintiliano
953 1643 1051 1666 come
1074 1633 1133 1677 gia
1171 1633 1206 1665 in
1242 1632 1395 1666 scrittori
1420 1632 1475 1667 del
1500 1633 1614 1668 secolo

141 1677 246 1711 doro.
270 1695 315 1702 —
340 1678 439 1714 vitia,
475 1677 494 1711 e
528 1677 687 1729 spiegato
722 1677 778 1710 dal
815 1678 997 1711 deteriora
1022 1677 1088 1711 che
1125 1678 1279 1722 precede.
1306 1697 1347 1703 —
1383 1689 1614 1722 maynorwn,

140 1721 192 1766 gli
215 1721 318 1756 stessi
342 1721 428 1771 detti
454 1722 565 1766 prima
590 1724 717 1765 optimi
752 1733 771 1756 e
806 1734 848 1755 sn
853 1725 960 1755 mmi:
995 1722 1027 1756 le
1064 1726 1115 1756 tre
1141 1722 1260 1767 paiole
1284 1733 1368 1756 sono
1394 1728 1491 1756 usate
1515 1724 1612 1767 quasi

139 1777 241 1801 come
264 1766 449 1800 sinonime.
473 1785 517 1792 —
564 1767 628 1801 26.
656 1779 686 1798 m
693 1767 822 1806 wdezto
849 1769 927 1800 noi:
954 1767 1175 1801 ‘'inoderato
1180 1787 1244 1799 .—
1269 1767 1454 1806 damnent,
1481 1768 1615 1802 intelle-

138 1818 246 1856 9um,
271 1811 307 1844 in
332 1810 478 1845 italiano
502 1822 520 1845 e
547 1813 640 1855 iviiet}
623 1811 746 1846 «nihile
779 1811 811 1844 la
848 1813 959 1845 forma
985 1812 1227 1856 impersonale.
1253 1832 1293 1836 —
1320 1812 1612 1846 alteram=al·

142 1862 334 1890 teratrum.
358 1875 402 1882 —
425 1867 552 1889 eorum
577 1860 837 1899 (nmsmorum).
862 1857 1019 1900 genitixo
1044 1857 1077 1889 di
1103 1857 1303 1901 pertinenza
1340 1868 1405 1891 con
1437 1860 1561 1891 omnia
1593 1869 1612 1892 e

141 1902 272 1934 multa.
296 1921 339 1925 —
362 1901 572 1950 maluerim
598 1901 712 1935 anche
737 1913 771 1934 ιιι
810 1902 955 1935 italiano
988 1902 1016 1934 .i
1055 1913 1115 1935 usa
1155 1902 1178 1934 il
1216 1901 1455 1936 condizionale
1480 1903 1514 1936 in
1540 1903 1612 1936 casi

139 1945 321 1990 analoghi,
345 1957 366 1978 a
390 1945 578 1990 espriinere
602 1946 677 1980 vioe
714 1945 896 1985 desiderio,
925 1946 1133 1985 intenzione,
1159 1947 1359 1991 preferenza
1384 1959 1403 1981 e
1427 1946 1545 1980 simili.

185 1991 248 2025 27.
273 1992 450 2034 confert-,e
473 1991 537 2024 cfr.
563 1993 585 2031 ,ξ
615 1991 625 2023 l
657 2002 688 2023 ιι.
714 2003 731 2023 a
759 1993 946 2040 conferam
951 2003 980 2024 r
994 2011 1036 2016 —
1058 1991 1327 2035 Theophrastus
1351 1995 1396 2031 (v.
1415 1992 1522 2035 583),
1541 2003 1614 2036 pro-

140 2036 353 2070 babilinente
378 2046 411 2068 in
439 2046 507 2069 uno
532 2036 587 2069 dei
613 2035 686 2068 suoi
713 2036 847 2069 trattati
872 2036 905 2069 di
930 2036 1079 2070 retorica
1104 2040 1138 2079 (a
1163 2037 1257 2070 detta
1282 2037 1314 2069 di
1334 2037 1488 2081 Diogene
1514 2037 1613 2071 Laer-

139 2081 206 2122 zio,
232 2081 273 2117 V,
290 2081 322 2117 2
335 2079 398 2113 46·
403 2079 458 2119 50,
482 2091 588 2114 erano
614 2080 800 2124 parecchi),
815 2081 846 2114 ai
865 2081 960 2125 quali
978 2092 1132 2115 -ιοοειιιιει
1149 2081 1262 2116 anche
1286 2082 1416 2122 Quint.
1431 2081 1488 2121 lll,
1516 2082 1544 2117 1,
1570 2082 1613 2115 15

138 2128 218 2167 (ove
243 2126 277 2159 fa
303 2136 371 2158 una
397 2125 500 2159 breve
527 2136 599 2158 rass
602 2136 690 2169 cgna
716 2125 810 2169 (1οὸΙί
835 2126 986 2160 scrittori
1004 2126 1036 2158 di
1066 2127 1212 2160 lwetolica
1229 2127 1326 2171 greci
1350 2137 1369 2160 e
1394 2127 1554 2170 romani).
1568 2146 1610 2152 —

139 2170 337 2209 lectionem,
362 2180 426 2203 con
453 2169 486 2203 lo
504 2175 614 2203 stesso
622 2153 837 2214 ”significato
861 2171 927 2205 che
954 2171 997 2204 ha
1022 2170 1055 2204 al
1081 2174 1103 2213 ἕ
1131 2171 1182 2205 13.
1207 2192 1247 2196 -
1273 2183 1390 2216 neque
1418 2173 1610 2210 immerito,

137 2215 425 2250 ellitticamente:
445 2215 618 2248 annunzia
649 2215 937 2269 ΙιιΗὶει-ιιιρῑίοιιει
941 2215 1030 2249 ‘she
1015 2227 1142 2260 segue:
1171 2228 1358 2261 namque..
1364 2219 1486 2250 .—in
1504 2217 1611 2251 rebus

136 2262 327 2305 spiritns,b
342 2260 374 2293 lo
387 2259 521 2293 slancio
546 2259 599 2294 dei
626 2260 777 2304 pensiori
792 2260 918 2298 (rehu
909 2272 946 2298 με
968 2271 1066 2294 come
1082 2264 1105 2303 ἓ
1122 2262 1141 2293 4
1159 2266 1405 2307 contrapposto
1423 2273 1443 2295 a
1462 2273 1524 2296 vei
1527 2263 1610 2302 bis);

137 2306 204 2340 cfr.
226 2306 259 2345 5,
283 2306 327 2338 4:
351 2305 520 2338 sublimis
555 2306 707 2348 spiritus
743 2308 795 2342 (in
821 2307 1071 2348 carminibus),
1097 2317 1115 2339 e
1151 2306 1249 2340 Oraz.
1276 2308 1348 2339 Sat.
1377 2305 1399 2344 Ι,
1424 2306 1456 2345 4,
1484 2306 1543 2340 46-
1547 2306 1609 2339 47:

136 2351 234 2394 quod
257 2361 343 2384 acer
358 2350 511 2392 spiritus
528 2361 569 2383 ric
588 2351 664 2383 vis
688 2361 751 2384 nec
778 2351 892 2385 verbis
917 2361 982 2384 nec
1007 2352 1114 2385 rebus
1139 2353 1242 2403 inest:
1267 2372 1308 2376 —
1334 2353 1371 2384 in
1396 2352 1609 2395 adfectibus,

135 2395 273 2429 traduci
296 2405 396 2429 come
412 2406 448 2428 se
475 2395 566 2428 fosse
583 2395 748 2438 genitixo.
776 2415 817 2420 —
837 2397 1013 2439 personis,
1030 2396 1242 2430 “cai-atteri
1247 2415 1312 2428 .—
1329 2397 1475 2436 decor,‘
1489 2407 1612 2430 come-

136 2439 282 2474 nienza
287 2439 391 2474 ‚Cic.
416 2439 460 2473 cle
491 2439 558 2483 Off.
586 2439 770 2479 1‚28,97:
804 2446 881 2473 tum
905 2451 1054 2475 servare
1078 2440 1174 2474 ιἰἰίιά
1195 2447 1329 2485 poetas,
1354 2441 1451 2485 quod
1474 2442 1608 2481 deceat,

135 2485 303 2524 dicimus,
316 2496 402 2519 cum
421 2485 471 2521 id,
496 2485 592 2528 quod
615 2495 760 2535 quaque
779 2495 937 2528 persona
962 2486 1119 2529 di'ynum
1142 2492 1203 2524 est,
1228 2492 1261 2520 ec
1283 2487 1323 2529 fic
1347 2492 1381 2520 et
1404 2486 1552 2520 dicthur
1566 2505 1609 2512 -

133 2532 309 2574 petitur,‘
323 2530 350 2563 si
378 2530 546 2574 impara
564 2540 649 2563 cioe.
668 2537 718 2562 Sl
745 2532 813 2573 puo
839 2542 1010 2574 impaiare
1037 2557 1042 2563 .
1068 2550 1111 2556 —
1136 2532 1263 2563 attrita
1297 2531 1478 2565 cotidiano
1513 2537 1611 2568 actu,

134 2575 255 2612 effi-⁷).
283 2574 344 2608 14:
368 2556 770 2618 facuiefliri...1dSid21a
794 2577 1064 2609 contentionum
1101 2578 1296 2619 'stperitale
1326 2577 1483 2620 fatigata
1510 2587 1609 2610 reno-

133 2626 263 2662 vatum·
286 2626 389 2655 actus
411 2623 568 2666 forensis
593 2620 612 2654 c
647 2619 672 2653 il
700 2624 825 2655 trattar
847 2631 963 2654 cause.
997 2640 1038 2645 —
1066 2622 1224 2666 inqenza
1251 2632 1317 2655 non
1345 2635 1360 2653 (ι
1376 2621 1566 2668 ingegni»,
1589 2633 1608 2656 e
