1887 2901
283 135 336 174 82
789 147 923 174 capum·
952 147 1010 174 111:
1044 137 1066 184 ἓ
1099 135 1258 176 15—16

280 220 364 262 riae
396 219 446 261 ad
477 220 735 262 scribendum
765 220 989 262 destinatae
1010 233 1087 263 non
1108 221 1309 264 inveniret
1326 222 1557 274 exordium;
1581 237 1661 278 quo
1681 225 1763 269 sibi

281 297 357 326 non
390 297 576 338 praesens
605 286 768 326 tantum
798 284 922 334 dolor,
962 284 1031 325 sed
1069 285 1195 326 etiam
1226 286 1452 340 desperatio
1482 289 1523 329 iu
1553 295 1761 342 posterum

281 348 406 390 fieret.
439 349 546 390 Tum
590 349 737 391 Florus
780 349 982 399 adridens,
1013 353 1022 370 ‘
1041 349 1243 402 numquid
1273 351 1319 392 tu
1337 350 1361 400 ⁹,
1402 352 1551 405 inquit,
1583 358 1593 375 ‘
1612 354 1762 397 melius

215 421 257 454 15
281 412 412 455 dicere
430 415 490 455 vis
506 427 628 466 quam
650 415 788 467 potes?
805 413 814 429 ⁹
837 414 897 454 lta
918 426 958 454 se
981 426 1043 454 res
1067 413 1211 454 habet:
1229 415 1452 456 curandum
1471 419 1545 466 est,
1567 419 1616 459 ut
1635 431 1760 471 quam

280 477 431 530 optime
462 478 658 527 dicamus,
690 478 908 519 dicendum
940 480 1075 518 tamen
1101 490 1172 530 pro
1202 478 1421 527 facultate3
1453 481 1502 521 ad
1533 481 1760 534 profectum

279 541 387 582 enim
419 553 518 594 opus
562 544 621 583 est
667 541 814 590 studio,
847 554 922 582 non
967 541 1261 595 indignatione.
1293 542 1351 584 Ut
1387 545 1589 597 possimus
1619 549 1759 588 autem

279 605 451 646 scribere
481 606 605 646 etiam
628 606 744 659 plura
767 608 807 646 et
828 606 1013 655 celerius,
1030 619 1106 647 non
1130 606 1365 649 exercitatio
1383 608 1498 650 modo
1518 611 1758 662 praestabit,

279 671 318 709 in
352 682 433 722 qua
462 671 546 711 sine
579 671 701 711 dubio
732 670 911 711 multum
942 673 1015 720 est,
1047 671 1116 711 sed
1146 671 1270 711 etiam
1304 672 1430 713 ratio:
1477 673 1510 714 si
1541 686 1617 714 non
1650 687 1758 717 resu-

277 733 362 786 pini
394 737 699 787 spectantesque
729 736 884 776 tectum
915 737 956 776 et
985 735 1272 788 cogitationem
1306 749 1514 778 murmure
1555 738 1758 792 agitantes

278 799 634 851 expectaverimus‚
666 798 763 852 quid
794 799 994 847 obveniat,
1026 799 1094 840 sed
1126 799 1224 852 quid
1255 813 1318 841 res
1347 802 1497 854 poscat,
1534 802 1633 855 quid
1672 816 1757 857 per-

277 875 415 903 sonam
461 863 610 911 deceat,
643 863 749 916 quod
794 864 848 904 sit
891 866 1065 916 tempus,
1098 863 1167 916 qui
1214 863 1364 905 iudicis
1403 865 1567 906 animus
1596 866 1758 918 intuiti,

277 928 454 969 humano
485 929 658 981 quodam
690 929 806 970 modo
835 928 885 969 ad
916 928 1173 970 scribendum
1206 929 1505 971 accesserimus.
1539 929 1606 973 Sic
1641 932 1759 974 nobis

209 1000 252 1034 16
276 994 316 1033 et
345 993 466 1034 initia
495 996 536 1034 et
566 1005 669 1046 quae
699 994 926 1046 sequuntur
956 996 1104 1034 natura
1126 993 1214 1046 ipsa
1234 994 1487 1047 praescribit.
1515 993 1639 1038 Certa
1657 999 1758 1038 sunt

275 1057 382 1097 enim
414 1057 607 1111 pleraque
632 1060 684 1107 et,
706 1058 784 1098 nisi
806 1058 1077 1107 coniveamus,
1099 1058 1140 1098 in
1162 1057 1299 1099 oculos
1319 1059 1554 1114 incurrunt;
1585 1059 1756 1114 ideoque

274 1134 346 1163 nec
377 1122 526 1164 indocti
560 1135 631 1164 nec
661 1123 803 1163 rustici
836 1122 908 1163 diu
938 1124 1151 1175 quaerunt,
1183 1121 1289 1164 unde
1320 1122 1540 1176 incipiant:
1573 1136 1652 1178 quo
1682 1138 1757 1179 pu-

273 1186 450 1228 dendum
496 1190 557 1228 est
602 1187 747 1241 magis,
779 1188 813 1228 si
846 1186 1137 1228 difficultatem
1183 1187 1281 1228 facit
1316 1187 1511 1229 doctrina.
1543 1187 1631 1230 Non
1663 1202 1759 1246 ergo

272 1329 292 1352 e
317 1318 430 1352 anche
456 1318 546 1352 fuori
572 1318 606 1352 di
631 1318 680 1352 tal
705 1329 801 1352 caso:
826 1318 944 1352 infatti
971 1319 1036 1352 diu
1061 1325 1114 1353 est
1136 1319 1233 1363 quod
1258 1318 1438 1363 significa:
1464 1319 1483 1353 e
1511 1319 1621 1365 lungo
1640 1325 1758 1365 tempo

275 1376 294 1395 «
307 1363 439 1398 dacche
452 1376 483 1403 »,
501 1374 566 1397 ove
583 1364 640 1397 noi
658 1363 808 1398 diciamo
826 1364 1011 1397 senz'altm
1030 1364 1124 1397 «che
1136 1377 1218 1396 ».—
1236 1365 1337 1396 omni
1361 1364 1513 1402 labore,‘
1526 1375 1595 1398 non
1616 1371 1757 1400 ostante

273 1409 354 1441 tutti
372 1408 423 1453 gli
441 1409 544 1442 sforzi
558 1408 584 1447 ’ς
609 1409 628 1442 e
646 1408 800 1442 ablativo
819 1408 966 1442 modale.
982 1429 1020 1432 —
1039 1412 1224 1448 materiae,
1242 1408 1263 1441 Γ
1277 1410 1285 1425 ‘
1300 1414 1505 1452 argomento
1519 1409 1538 1448 ’ς
1561 1410 1581 1444 e
1597 1410 1756 1454 genitivo

273 1453 483 1497 dipendente
508 1454 551 1486 da
568 1455 775 1491 exordium,
790 1465 870 1491 non,
883 1465 982 1488 come
1005 1454 1168 1497 vogliono
1193 1453 1312 1486 alcuni
1335 1455 1614 1493 commentatori‚
1634 1454 1757 1490 dativo

272 1509 339 1532 con
364 1501 554 1532 inveniret.
580 1519 624 1522 —
647 1510 720 1531 non
739 1510 916 1543 praesens
941 1505 1085 1531 tantum
1145 1525 1152 1533 ,
1183 1498 1310 1540 perche
1335 1499 1531 1542 prevedeva
1554 1500 1582 1532 si
1609 1500 1756 1535 sai-ebbe

274 1548 410 1577 trovato
426 1544 461 1576 in
488 1543 682 1577 imbarazzo
707 1544 820 1578 anche
845 1545 881 1576 in
907 1545 1056 1588 seguito.
1078 1563 1110 1568 —
1164 1545 1220 1578 15*
1246 1544 1295 1576 ad
1317 1546 1524 1587 profectum
1541 1546 1626 1587 (v.§
1643 1545 1679 1590 2)
1695 1545 1755 1580 noi

272 1588 408 1622 usiamo
425 1588 607 1622 l'infinito:
632 1593 641 1607 ‘
654 1601 674 1622 a
768 1608 811 1614 —
835 1589 1002 1631 celerius,
1019 1590 1206 1626 intensive,
1224 1599 1243 1621 e
1262 1599 1329 1622 non
1346 1599 1410 1622 con
1432 1589 1548 1622 valore
1566 1600 1753 1634 compara-

271 1633 355 1667 tivo.
374 1635 464 1678 App.
478 1634 545 1667 crit
571 1635 665 1667 —in
679 1645 753 1678 qua
772 1635 932 1667 multum
950 1641 1011 1671 est,
1025 1640 1034 1652 ⁴
1049 1633 1114 1667 che
1127 1636 1146 1667 e
1165 1634 1199 1667 di
1215 1633 1350 1677 grande
1364 1633 1585 1678 vantaggio'.
1600 1637 1755 1675 —ratio‚

272 1678 320 1711 ‘il
338 1679 476 1712 metodo
500 1678 733 1721 (razionalef,
759 1679 794 1711 in
819 1678 1145 1723 contrapposizione
1169 1690 1188 1711 a
1214 1680 1437 1712 exercitatio.
1452 1680 1539 1713 —si
1555 1690 1628 1713 non
1653 1690 1755 1714 resu-

268 1725 408 1767 pini....
435 1724 497 1757 cfr.
517 1723 557 1763 11,
580 1724 628 1762 11,
647 1725 683 1755 4:
756 1726 794 1756 in
819 1724 1010 1768 coqitando
1035 1723 1142 1757 nulla
1170 1726 1312 1757 ratione
1337 1723 1506 1757 adhibita
1530 1731 1598 1757 aut
1621 1730 1756 1758 tectum

272 1771 453 1802 intuentes
479 1780 655 1811 maynum
680 1769 835 1813 aliquid.
854 1770 950 1813 qnod
970 1769 1067 1802 ultro
1092 1779 1128 1802 se
1153 1770 1294 1813 offerat,
1305 1768 1481 1812 pluribus
1506 1779 1612 1813 saepe
1627 1770 1756 1804 diebus

271 1819 473 1857 expectant.
487 1820 553 1847 aut
580 1825 774 1847 murmure
799 1817 935 1848 incerto
954 1815 1054 1848 velut
1077 1814 1225 1848 classico
1246 1815 1409 1848 instincti
1428 1815 1755 1848 concitatissimum

271 1861 434 1902 corporis
462 1865 634 1892 motum...
660 1859 882 1903 quaerendis
910 1860 1029 1893 verbis
1060 1859 1346 1892 accommodant.
1368 1878 1407 1882 —
1440 1860 1618 1903 resupini,
1645 1870 1752 1894 resu-

264 1906 382 1947 pinus
405 1904 424 1938 ὲ
449 1904 543 1938 detto
568 1903 603 1937 di
627 1904 686 1937 chi
711 1904 812 1948 giace
840 1915 858 1937 e
888 1904 990 1948 piega
1017 1904 1166 1938 indietro
1203 1904 1227 1937 il
1255 1914 1363 1948 capo;
1396 1904 1459 1937 cfr.
1485 1903 1592 1937 Marz.
1620 1904 1683 1940 IX.
1699 1905 1755 1945 43,

271 1949 306 1982 3:
333 1955 469 1992 spectac
493 1951 665 1993 resupino
689 1950 811 1983 sidera
838 1951 985 1983 voltu
1012 1969 1056 1973 —
1081 1960 1148 1988 res,
1166 1949 1226 1993 qui
1251 1955 1259 1967 ⁶
1275 1949 1308 1982 la
1332 1959 1438 1982 causa
1454 1948 1473 1987 ¹,
1498 1959 1596 1984 come
1629 1949 1756 1985 risulta

270 1993 512 2027 chiaramente
536 1994 786 2028 dall‘accenno.
812 1994 878 2028 che
903 2005 1020 2038 segue.
1046 1995 1079 2027 al
1105 1994 1254 2038 giudice.
1288 2014 1319 2018 -
1351 2005 1562 2037 personam,
1585 1994 1652 2028 che
1676 1995 1755 2029 dob-

271 2039 388 2072 biamo
413 2039 602 2078 difendere,
627 2039 661 2072 (li
687 2039 743 2072 cui
769 2039 955 2073 dobbiamo
980 2045 1158 2073 sostenei·e
1185 2040 1216 2073 ic
1255 2039 1403 2082 regioni.
1429 2058 1471 2064 —
1496 2045 1648 2083 tempus,
1674 2039 1755 2074 noi:

271 2083 326 2117 ‘le
349 2085 581 2118 circostanze'
607 2084 802 2126 (s'intende,
828 2083 920 2118 della
944 2088 1074 2126 causa).
1100 2084 1170 2117 Cfr.
1201 2083 1262 2122 Xl,
1290 2085 1319 2121 1,
1344 2083 1404 2117 46:
1435 2089 1616 2127 tempus...
1641 2095 1686 2118 ac
1710 2085 1756 2119 Io-

270 2139 334 2162 cus
359 2135 463 2171 eqent
487 2131 735 2164 observatione
756 2132 936 2174 propria‚·
960 2140 1047 2162 nam
1073 2136 1107 2162 et
1132 2136 1272 2173 tempus
1291 2135 1369 2162 tum
1388 2131 1490 2163 triste
1507 2135 1585 2162 tum
1603 2129 1755 2170 laetum,

271 2180 349 2207 tum
376 2175 534 2208 liberum
562 2181 638 2207 tum
664 2181 863 2219 anglustum
889 2181 964 2208 est:
988 2181 1098 2219 atque
1125 2175 1174 2207 ad
1205 2174 1292 2208 haec
1328 2176 1452 2207 omnia
1485 2175 1756 2218 componendus

271 2225 406 2253 orator.
433 2240 474 2244 —
500 2221 636 2259 intuiti,
656 2219 699 2252 ha
719 2231 780 2264 pei·
797 2224 941 2264 oggetto
959 2219 990 2253 le
1009 2219 1105 2253 varie
1123 2219 1378 2264 proposizioni:
1403 2219 1494 2263 quid
1511 2230 1569 2253 res
1645 2222 1755 2265 qui..

270 2267 428 2298 animus.
454 2285 498 2289 ——
524 2265 686 2297 humano
711 2265 870 2309 quodam
907 2265 1021 2302 modo.
1053 2275 1171 2298 senso:
1203 2265 1349 2298 facendo
1380 2269 1651 2308 assegnamento
1679 2264 1753 2300 sol-

272 2314 369 2343 tanto
393 2321 433 2343 su
460 2310 491 2344 le
518 2315 634 2344 nostre
659 2310 763 2348 for-ze.
789 2320 891 2343 senza
917 2310 1097 2343 attendere
1123 2309 1364 2354 l'ispirazione
1381 2308 1553 2347 dali'alt0;
1577 2308 1754 2344 s'accorda

271 2365 335 2386 ‹rnn
363 2355 395 2388 ia
421 2357 516 2389 ratio
541 2355 575 2388 di
600 2355 656 2388 cui
683 2356 701 2388 e
726 2355 821 2389 detto
847 2354 969 2399 prima.
998 2374 1034 2378 —
1067 2361 1204 2388 natura
1231 2356 1322 2398 ipsa,
1355 2357 1411 2388 rei
1440 2354 1515 2388 cioe
1545 2365 1688 2389 causae.
1714 2374 1755 2381 ——

269 2400 326 2433 16.
353 2406 451 2433 certa
477 2407 612 2434 sunt...
637 2400 827 2444 pleraque.
854 2411 920 2433 non
947 2400 975 2432 si
1014 2400 1170 2433 riseriscc
1206 2400 1359 2434 soltanto
1394 2399 1437 2432 ad
1475 2401 1592 2439 initia,
1628 2410 1686 2433 ma
1720 2399 1755 2434 ai

271 2445 345 2478 vari
372 2446 536 2479 elementi
563 2445 655 2480 della
681 2456 785 2479 eausa
811 2445 847 2478 in
872 2444 1060 2489 generale:
1090 2452 1189 2478 cerea
1207 2444 1497 2485 (⁶deierminate'
1523 2444 1602 2478 vale
1626 2456 1646 2478 a
1669 2444 1756 2485 dire,

270 2491 417 2535 speciali
443 2490 588 2534 rispetto
613 2490 683 2524 nlla
708 2499 838 2531 causa),
864 2489 1135 2529 naturalniente,
1161 2491 1180 2525 e
1205 2490 1397 2535 predicato.
1425 2508 1463 2513 —
1492 2492 1530 2522 in
1554 2490 1677 2524 oculos
1701 2492 1756 2524 in-

271 2542 441 2574 currunt,
467 2544 475 2553 ⁸
491 2537 518 2568 si
547 2542 755 2580 presentans)
781 2535 822 2568 da
853 2536 890 2569 se
909 2535 935 2569 ἰ
969 2535 1030 2567 cfr.
1057 2538 1079 2575 ἓ
1104 2536 1158 2571 2⁸,
1190 2546 1254 2568 ovc
1280 2536 1298 2569 c
1325 2539 1424 2569 usato
1448 2534 1472 2567 il
1498 2534 1759 2579 frequentativo

272 2584 478 2617 incursare.
503 2592 521 2614 e
547 2592 611 2614 con
637 2581 775 2615 diversa
801 2580 1030 2614 costruzione.
1049 2599 1092 2605 —
1115 2581 1261 2615 indocti.
1281 2579 1566 2617 assolutamente,
1583 2591 1681 2614 come
1698 2591 1761 2626 per

272 2637 328 2659 nm
367 2626 628 2669 «ignorante».
655 2645 697 2652 -
725 2637 806 2670 quo,
833 2637 874 2658 va
900 2635 966 2659 con
1002 2627 1129 2670 mrryis.
1157 2645 1195 2650 —
1224 2628 1534 2666 immutescamus,
1559 2626 1619 2670 piu
1647 2636 1763 2660 comu-
