1887 2901
635 124 766 150 οΑΡιττ
795 127 819 151 v
862 114 882 159 ξ
918 113 964 150 12
1485 113 1537 151 95

58 196 186 237 tatem
217 195 439 247 similibus,
461 197 712 251 voluptatem
738 198 927 252 expositis
949 197 1043 239 dare
1065 200 1105 239 et
1128 198 1227 240 benc
1250 197 1380 239 dicere
1405 197 1536 238 multa

60 261 110 302 de
142 263 293 314 paucis.

116 325 164 366 ln
194 325 270 367 hoc
290 324 441 379 optime
463 325 612 367 facient
633 325 816 368 infinitae
838 326 1106 379 quaestiones,
1128 338 1229 378 quas
1249 325 1380 368 vocari
1404 325 1536 366 theses

57 388 248 438 diximus,
279 389 428 442 quibus
459 390 598 431 Cicero
628 391 710 431 iam
741 390 926 444 princeps
947 390 988 430 in
1012 402 1053 430 re
1077 390 1242 443 publica
1271 389 1443 431 exerceri
1475 401 1536 430 so-

60 452 180 494 lebat.
217 453 296 494 His
330 453 497 495 confinis
532 459 593 496 est
623 454 843 496 destructio
873 456 915 495 et
944 453 1195 495 confirmatio
1225 454 1533 495 sententiarum.

62 515 166 558 Nam
197 529 290 558 cum
321 517 375 558 sit
405 519 606 560 sententia
627 519 834 560 decretum
866 517 1067 571 quoddam
1105 521 1226 570 atque
1261 520 1533 570 praeceptum,

57 580 165 634 quod
192 581 241 622 de
271 594 326 631 re,
357 581 464 623 idem
487 582 535 623 de
566 582 718 624 iudicio
747 582 803 624 rei
836 582 975 635 quaeri
1008 584 1150 635 potest.
1184 582 1290 622 Tum
1322 581 1396 622 loci
1429 593 1534 622 com-

56 657 210 694 munes,
242 658 341 698 quos
370 646 494 687 etiam
517 648 687 700 scriptos
709 647 758 687 ab
779 647 1005 688 oratoribus
1027 646 1188 687 scimus.
1213 646 1316 687 Nam
1343 646 1412 699 qui
1435 647 1533 688 haec

57 761 170 795 latius
193 763 346 807 efferre‚·
369 763 434 797 cfr.
460 763 490 799 1,
514 763 573 796 73:
597 765 706 806 susus
733 763 950 804 Herodotus)
978 769 1218 802 ...contr-acta,
1244 763 1262 796 ὁ
1294 762 1316 795 il
1354 763 1531 798 contrario

55 806 90 839 di
114 807 233 852 effusa
257 809 508 850 substrinyere
531 808 585 840 del
611 811 634 850 g
659 808 690 841 4.
716 828 751 832 —
775 819 911 852 auqere
924 819 1053 851 parva,
1069 810 1283 841 varietatem
1301 808 1529 841 similibus

56 852 157 887 dare.
181 852 244 885 cfr.
270 852 373 886 isocr.
404 853 538 895 Pane-11.
568 852 594 888 1,
617 853 655 886 8:
681 855 713 887 οἱ
739 854 838 894 λόγοι
852 855 1032 895 τοιαύτην
1050 854 1174 894 ἔχουσι
1199 855 1269 895 τὴν
1291 855 1416 895 φύσιν,
1440 853 1530 888 ὥσθ’

56 895 135 931 οἷόν
161 896 282 931 τέῑναι
309 900 387 939 περὶ
408 901 482 931 τῶν
500 900 626 931 αὐτῶν
645 900 834 938 πολλαχῶς
852 899 1092 940 ἐξηγήσασθαι
1110 897 1189 938 (che
1207 897 1356 941 esprime
1374 903 1528 941 appunto

57 941 80 974 il
96 946 253 975 concetto
267 942 299 974 di
319 943 391 975 *dar
406 942 536 975 vai-icto
552 942 621 975 alle
635 953 713 976 cose
727 942 871 983 simili),
884 945 937 976 καί
956 944 1002 976 τά
1019 954 1058 976 τε
1074 944 1207 981 μεγάλα
1216 944 1365 977 ταπεινὰ
1380 945 1528 983 ποιῆσαι

58 988 114 1020 καὶ
141 990 218 1028 τοῖς
244 992 379 1030 μικροῖς
404 989 549 1029 μέγεθος
576 990 778 1029 περιθεῖναι.
805 1007 845 1010 -
865 989 1048 1030 expositis,
1071 998 1151 1020 cose
1175 996 1182 1005 ·
1199 992 1290 1025 note,
1300 986 1441 1020 comuni
1457 986 1475 1018 '.
1492 986 1527 1019 ln

56 1035 188 1064 cotesto
211 1031 410 1075 significato
435 1031 504 1064 tale
524 1031 641 1075 parola
665 1032 683 1065 e
708 1031 741 1064 di
770 1042 830 1065 uso
849 1031 1029 1075 frequente
1056 1031 1148 1075 negli
1174 1031 1328 1065 scrittori
1345 1030 1436 1065 della
1461 1031 1524 1065 dc·-

56 1075 224 1115 cadenza;
256 1076 318 1109 cfr.
353 1076 496 1109 Gioven.
534 1075 605 1114 Vll,
629 1076 739 1109 53-54
754 1088 760 1107 z
777 1082 969 1109 ...vatem...
991 1077 997 1118 Ι
1017 1078 1082 1120 qui
1105 1076 1160 1109 nil
1183 1078 1387 1119 expositum
1412 1077 1527 1110 soleat

56 1120 244 1154 deducere.
276 1140 311 1144 —
339 1123 377 1153 in
402 1120 499 1154 boc...
517 1123 652 1163 fizcient
675 1135 719 1149 =
743 1122 792 1154 ad
816 1122 890 1158 hoc,
916 1131 1013 1154 come
1038 1121 1069 1158 2,
1093 1121 1132 1158 5:
1155 1126 1286 1165 quanto
1311 1120 1381 1153 alla
1412 1121 1524 1154 forma

55 1164 325 1209 grammaticale
349 1165 439 1198 della
465 1166 681 1199 costruzione
695 1176 759 1199 con
774 1168 918 1209 facient,
938 1166 1000 1200 cfr.
1018 1166 1046 1203 1,
1071 1165 1114 1199 33
1126 1177 1145 1199 e
1160 1176 1220 1209 per
1235 1167 1381 1209 facient,
1400 1176 1430 1197 v.
1444 1165 1476 1203 7,
1493 1166 1525 1198 4.

55 1210 309 1253 —infinitae...
335 1210 509 1247 diotimus.
534 1211 596 1243 cfr.
613 1209 668 1244 111,
683 1210 714 1247 5,
738 1210 777 1245 5:
794 1212 958 1253 infinitae
969 1216 1066 1249 sunt,
1080 1222 1173 1255 quae
1200 1212 1345 1244 remotis
1359 1213 1526 1253 personis

55 1260 90 1288 et
101 1256 324 1298 temporibus
337 1261 370 1288 et
384 1255 468 1289 locis
482 1258 679 1299 ceterisque
691 1256 871 1288 similibus
887 1257 923 1287 in
939 1261 1287 1299 utramquepartem
1305 1261 1524 1294 tractantur,

55 1299 152 1343 quod
181 1298 313 1333 Graeci
340 1301 437 1334 θέσιν
463 1301 601 1338 dicunt,
642 1300 762 1333 Cicero
794 1301 1091 1343 propositum,
1127 1300 1196 1332 alii
1230 1302 1526 1344 quaestiones

56 1344 342 1378 universales
382 1346 542 1378 civiles
562 1372 569 1382 ,
609 1345 677 1377 alu·
715 1347 1010 1389 quaestiones
1045 1344 1323 1388 philosopho
1365 1355 1522 1378 conve-

54 1390 242 1427 nientes,
283 1389 492 1423 Athenaeus
523 1396 704 1433 partem
739 1399 904 1422 causae
936 1389 1109 1433 appellat.
1148 1389 1222 1422 Hoc
1242 1399 1360 1432 qenus
1399 1388 1525 1423 Cicero

53 1434 204 1467 scientia
228 1439 263 1467 et
285 1435 426 1467 actione
450 1434 657 1477 distinquit,
683 1440 722 1465 ut
745 1435 792 1467 sit
816 1435 986 1467 scientiae
1010 1435 1067 1466 'an
1092 1434 1326 1477 providentia
1364 1434 1525 1467 mundus

7 1493 13 1498 ·
54 1477 414 1522 reyatttr2';actionis
430 1479 487 1511 ‘an
505 1479 751 1512 accedendum
770 1479 818 1512 ad
832 1479 1095 1522 rempublicam
1104 1477 1526 1512 administrandam‘l'dn

55 1533 123 1556 una
149 1522 286 1567 par-ola:
311 1523 536 1568 ⁶(questioni)
573 1523 730 1568 generali
746 1523 764 1555 '.
784 1524 809 1556 11
834 1523 1010 1557 contrario
1034 1534 1118 1557 sono
1139 1525 1264 1566 finitae
1290 1525 1526 1567 quaestiones,

53 1566 88 1601 di
112 1567 168 1601 cui
192 1568 423 1610 Quintiliano,
437 1569 483 1603 ib.
497 1568 575 1606 7-8,
599 1569 727 1602 sen-ive:
740 1569 866 1612 finitae
875 1575 996 1602 autem
1011 1575 1095 1601 sunt
1109 1579 1154 1601 ex
1172 1568 1364 1611 conzpleoeu
1386 1579 1526 1607 rerum,

47 1622 307 1656 personarum,
333 1619 549 1657 temporum,
572 1619 864 1657 ceterorumque,
889 1624 982 1657 quae
1007 1615 1194 1654 ὑποθέσεις
1226 1625 1247 1645 ιι
1283 1613 1431 1646 Graecis
1465 1613 1524 1646 dn·—

54 1661 203 1697 cuntur,
226 1669 390 1692 causae
413 1669 435 1691 a
459 1660 614 1697 nostris‚·
651 1659 689 1691 in
726 1658 781 1691 lais
816 1660 934 1691 omnis
969 1660 1129 1703 quaestio
1165 1659 1312 1691 videtur
1346 1659 1444 1692 circa
1468 1669 1527 1692 res

49 1712 299 1747 personasque
322 1704 526 1737 consistere.
553 1703 722 1746 Amplior
745 1709 796 1736 est
819 1713 962 1746 semper
985 1703 1145 1746 infinita:
1177 1703 1262 1735 inde
1293 1704 1390 1736 enim
1420 1703 1527 1746 finita

56 1747 252 1782 descendit.
271 1747 385 1786 Quod,
396 1754 437 1780 ut
453 1747 618 1791 exemplo
627 1754 764 1791 pateat,
776 1748 918 1790 infinita
932 1750 997 1781 est‘
1012 1759 1061 1780 an
1072 1758 1166 1780 uxor
1182 1746 1375 1781 ducenda?
1390 1746 1408 1785 ⁸,
1421 1748 1524 1791 finita

53 1795 113 1824 ‘an
127 1792 256 1826 Catoni
270 1791 490 1827 ducendas.
503 1792 576 1827 Cfr.
593 1792 664 1826 Cic.
678 1792 758 1835 Tofl.
782 1792 837 1830 21,
853 1792 914 1825 79:
940 1793 1130 1835 definitum
1155 1798 1216 1829 est,
1233 1792 1329 1835 quod
1353 1793 1526 1827 ὑπόθεσιν

59 1835 192 1871 Graeci
203 1843 341 1876 vocant,
355 1849 419 1871 nos
431 1848 601 1871 causam:
626 1838 824 1879 infinitum,
837 1837 934 1881 quod
958 1839 1056 1871 θέσιν
1076 1837 1133 1869 illi
1145 1837 1342 1880 appellant,
1360 1847 1423 1870 nos
1444 1847 1527 1879 pro-

50 1884 213 1924 positum
220 1893 416 1926 possumus
430 1884 631 1915 nominare.
657 1901 699 1907 —
731 1882 860 1918 Cicero,
887 1882 943 1915 nel
967 1881 1098 1924 705s49
1121 1881 1304 1915 scrivendo
1327 1881 1370 1914 ad
1396 1881 1525 1919 Attico,

55 1924 209 1966 lx,4,1,
222 1927 364 1960 diceva:
388 1938 433 1960 ne
458 1938 513 1959 me
539 1933 650 1960 totum
677 1927 904 1970 r1e9›·itudin1'
920 1927 1063 1963 declam,
1081 1928 1221 1970 sumpsi
1238 1926 1328 1959 mihi
1344 1926 1525 1970 quasdam

0 1989 6 1992 -
54 1976 243 2016 tamquam
257 1973 388 2012 θέσειςῑ
402 1982 420 2005 e
433 1971 561 2009 a‘b.9,1:
573 1973 686 2012 θέσεις
702 1982 798 2005 meas
810 1973 1050 2005 commentari
1062 1982 1134 2004 non
1143 1972 1276 2005 desino.
1288 1990 1327 1995 —-
1339 1973 1413 2004 iam
1423 1972 1526 2014 prin-

52 2016 334 2062 ceps...‚quando
347 2016 406 2060 gie
432 2027 491 2050 era
516 2027 561 2049 un
589 2026 692 2049 nomo
716 2016 751 2049 di
777 2016 885 2050 Stato.
911 2015 967 2050 noi
993 2016 1173 2054 diremmo,
1200 2028 1218 2046 «
1244 2016 1279 2049 in
1304 2015 1392 2049 vista
1420 2028 1450 2047 ιν.
1481 2036 1521 2041 -

53 2060 110 2095 12.
124 2062 286 2105 confinis,
301 2066 422 2105 questa
448 2061 567 2105 ρει-018
594 2061 629 2094 in
646 2071 747 2094 senso
762 2061 911 2104 figurato
926 2072 993 2095 non
1008 2061 1137 2095 ricorre
1152 2061 1186 2093 in
1203 2060 1388 2094 Cicerone:
1402 2060 1524 2094 invece

52 2104 271 2145 Quintiliano
297 2105 329 2139 la
349 2117 408 2138 usa
427 2116 556 2149 spesso.
574 2124 610 2129 —
629 2106 836 2145 destructio,
851 2105 908 2149 piu
923 2109 1190 2139 eomunemente
1214 2105 1242 2138 si
1256 2105 1332 2140 suol
1346 2104 1524 2140 chiamare

52 2149 285 2193 refutatio,la
309 2156 317 2169 ⁶
344 2150 586 2184 confutazione
620 2149 638 2187 ’ς
665 2151 708 2183 ha
728 2161 788 2194 per
803 2150 978 2184 contraria
1007 2149 1040 2183 la
1061 2151 1288 2194 confirmatio
1312 2161 1332 2184 o
1346 2151 1523 2193 probatio.

52 2194 123 2228 Cfr.
150 2195 192 2240 ll,
215 2195 247 2234 4,
274 2194 330 2229 18:
356 2196 633 2229 narrationibus
657 2206 729 2228 non
754 2195 937 2228 inutiliter
949 2196 1189 2238 subiunyitur
1204 2206 1295 2239 opus
1311 2196 1525 2228 destruendi

51 2240 367 2284 confirmandique
390 2251 460 2279 eas,
486 2240 583 2284 quod
607 2242 790 2279 ἀνασκευή
826 2246 860 2273 et
897 2242 1103 2280 κατασκευὴ
1142 2246 1293 2274 vocatur
1315 2239 1384 2282 (dai
1418 2239 1523 2274 retori

51 2284 174 2328 greci).
202 2305 239 2309 —
266 2287 544 2323 sententiarum,
569 2284 601 2318 le
624 2294 631 2302 ·
648 2290 810 2319 sentenze
827 2284 1005 2329 giudiziali
1022 2284 1040 2322 ⁵,
1065 2285 1204 2318 intorno
1228 2295 1247 2318 a
1272 2285 1328 2318 cni
1358 2283 1524 2318 solevano

51 2329 252 2364 esercitarsi
279 2329 289 2363 i
315 2329 420 2363 retori
447 2329 539 2363 nelle
564 2330 637 2363 loro
660 2330 905 2364 controversie.
932 2349 974 2354 —
992 2336 1243 2373 praeceptum,
1268 2340 1335 2363 non
1362 2329 1397 2363 in
1422 2340 1524 2363 senso

52 2374 197 2414 morale,
221 2385 278 2408 ma
305 2374 439 2418 legale:
466 2380 473 2391 ⁸
499 2374 686 2407 ordinanza
713 2374 732 2408 “.
757 2394 800 2400 -
825 2375 894 2408 loci
916 2385 1136 2413 communes,
1161 2374 1184 2407 li
1210 2374 1422 2408 chiamiamo
1451 2374 1522 2408 cosi

50 2418 165 2453 anche
199 2419 274 2457 noi;
299 2419 361 2454 cfr.
389 2418 429 2455 11,
455 2420 485 2457 4,
510 2419 570 2451 22:
595 2430 803 2453 communes
839 2420 951 2457 loci...,
983 2420 1114 2463 quibus
1149 2421 1242 2452 citra
1272 2429 1450 2463 personas
1486 2421 1525 2452 in

52 2464 132 2508 ipsa
158 2465 247 2498 vitia
272 2466 384 2498 moris
410 2470 461 2497 est
483 2475 671 2503 perorare,
697 2471 737 2497 ut
761 2466 800 2497 in
823 2464 1048 2502 adulterum,
1062 2464 1270 2502 aleatorem,
1282 2464 1526 2507 petulantem:

50 2518 70 2542 e
93 2508 166 2543 Cio.
190 2509 236 2542 de
265 2507 364 2542 Orat.
392 2508 448 2546 111,
473 2508 527 2546 27,
555 2507 634 2541 106:
660 2508 719 2541 itti
743 2509 821 2547 Ioci,
845 2510 941 2553 qui...
967 2509 1011 2542 cle
1034 2511 1208 2542 universa
1233 2519 1274 2541 re
1298 2510 1453 2542 tractari
1474 2519 1524 2542 so-

51 2552 137 2592 lent,
161 2564 370 2587 communes
394 2566 416 2586 a
444 2554 621 2587 veteribus
645 2555 826 2587 nominati
848 2561 934 2587 sunt
950 2555 997 2596 (v.
1023 2553 1054 2587 la
1081 2559 1161 2587 nota
1179 2552 1234 2587 del
1258 2552 1352 2587 ClMA
1380 2553 1434 2587 nel
1469 2564 1522 2587 vo·

48 2596 144 2633 lume
166 2597 202 2632 di
226 2603 348 2644 questa
373 2598 589 2642 conezione).
616 2617 655 2622 —
681 2599 727 2632 ab
751 2600 968 2638 oratoribus,
992 2609 1074 2642 p.es.
1101 2599 1143 2632 da
1169 2598 1337 2632 Cicerone
1361 2608 1379 2632 e
1403 2599 1446 2632 da
1461 2598 1523 2632 Or·

1562 466 1601 498 12
