1887 2901
35 29 43 38 ἱ
62 0 418 39 -ἆυζῆἶνςξνῑὴ,·ᾱ·ηεμπ)
447 0 478 27 ,χ
503 4 538 35 =-·¹
555 3 576 18 ·.
607 6 613 10 -
630 0 634 2 ·

36 45 49 52 ,
103 46 105 49 ,
140 45 144 48 ,

695 128 826 156 meur
855 130 883 156 1.
914 117 935 164 ἓ
962 116 1118 175 63—64
1587 114 1639 155 29

167 204 394 255 ostendunt,
426 203 602 245 maxima
633 203 742 244 bella
762 205 803 244 et
823 202 1068 244 clarissimos
1089 203 1298 244 canentem
1320 199 1442 243 duces
1463 202 1504 242 et
1533 201 1635 254 epici

167 271 359 313 carminis
379 281 497 311 onera
518 269 607 324 lyra
627 268 905 309 sustinentem.
929 266 1078 308 Reddit
1098 267 1205 308 enim
1227 266 1406 320 personis
1426 265 1468 306 in
1485 265 1638 319 agendo

168 335 292 377 simul
322 333 599 387 loquendoque
629 332 808 374 debitam
830 331 1088 386 dignitatem,
1109 344 1155 373 ac
1176 332 1209 372 si
1231 331 1429 373 tenuisset
1459 329 1636 377 modum,

169 398 329 440 videtur
367 397 562 439 aemulari
603 397 808 451 proximus
848 396 1072 438 Homerum
1104 395 1304 449 potuisse;
1335 394 1404 437 sed
1439 394 1639 436 redundat

167 465 290 516 atque
316 462 550 511 effunditur,
573 461 678 515 quod
699 461 746 502 ut
765 461 827 502 est
846 458 1229 513 reprehendendum,
1251 459 1310 500 ita
1331 458 1467 512 copiae
1490 458 1635 499 vitium

166 530 240 569 est.
262 526 489 568 Alcaeus
520 526 561 566 in
584 528 697 579 parte
716 525 845 578 operis
875 537 1025 566 aureo
1055 524 1258 578 plectro
1289 524 1432 565 merito
1452 523 1636 573 donatur,
1660 527 1704 561 63

167 604 248 645 qua
277 592 467 645 tyrannos
497 590 718 631 insectatus
739 590 917 630 multum
941 589 1064 630 etiam
1088 588 1266 630 moribus
1296 588 1461 638 confert,
1491 588 1532 629 in
1562 588 1638 629 elo-

167 655 324 708 quendo
353 667 511 708 quoque
543 654 674 695 brevis
704 655 745 695 et
773 653 1015 708 magnificus
1045 654 1086 694 et
1119 652 1297 707 diligens
1328 654 1368 693 et
1397 652 1637 706 plerumque

166 720 313 761 oratori
344 719 511 765 similis;
542 719 609 760 sed
640 720 680 760 et
709 718 810 759 lusit
839 721 879 759 et
909 718 949 758 in
981 731 1135 759 amores
1165 717 1384 766 descendit,
1416 717 1638 759 maioribus

166 787 301 826 tamen
332 784 474 838 aptior.
508 783 819 831 Simonides,
852 783 986 824 tenuis
1016 782 1182 836 alioqui,
1203 795 1382 824 sermone
1413 782 1571 836 proprio
1598 782 1639 823 et
1661 784 1704 819 64

166 915 187 938 o
211 902 236 936 il
269 903 344 942 550,
361 902 556 937 aCatania.
576 903 682 937 Diede
701 914 745 936 un
775 903 907 946 grande
931 902 1091 947 sviluppo
1117 903 1187 936 3113
1213 902 1312 936 lii-ica
1338 902 1454 936 coi-ale
1480 912 1499 936 e
1523 901 1638 936 svolse

167 948 204 982 in
228 948 322 982 canti
349 947 439 982 lirici
465 949 615 992 soggetti
640 948 730 992 epici
754 949 861 991 (epici
940 951 1204 989 sustinentem).
1229 947 1324 991 quali
1350 947 1382 981 13
1412 947 1638 980 ciistruzione

167 993 274 1027 d'Ilio
291 993 413 1035 (Ἰλίου
432 993 608 1037 πέρσις),1
633 995 767 1026 ritorni
792 995 950 1036 (νόστοι)
972 993 1065 1037 degli
1091 992 1163 1027 eroi
1187 992 1282 1036 greci
1308 992 1351 1025 da
1377 992 1492 1035 Troia,
1519 991 1637 1025 Elena

166 1039 350 1080 (Ἑλένῳ...
375 1037 414 1072 Ci
439 1038 646 1082 rimangouo
671 1049 756 1082 poco
781 1038 838 1082 piu
864 1037 930 1071 che
947 1037 1136 1082 cinquanta
1162 1037 1373 1071 frammenti.
1393 1040 1481 1081 App.
1499 1037 1576 1070 crit.
1593 1055 1637 1062 —

167 1101 211 1109 -
235 1084 380 1126 inqenio
404 1083 561 1120 validus,
586 1083 737 1126 giudizio
762 1082 973 1126 impr-ontato
1009 1093 1029 1116 a
1058 1082 1130 1116 Cic.
1167 1082 1265 1115 Verr.
1292 1082 1331 1120 11,
1357 1082 1411 1118 35.
1435 1082 1494 1115 87:
1528 1083 1638 1116 Stesi-

167 1128 303 1162 chori...
316 1130 380 1172 qui
441 1134 476 1161 et
491 1134 543 1162 est
558 1134 590 1162 et
613 1129 687 1171 suit
706 1134 777 1161 toln.
802 1129 955 1161 Graecia
973 1139 1114 1161 summo
1128 1134 1280 1171 propter
1297 1129 1487 1170 inqenium
1501 1127 1637 1160 honore

169 1178 205 1207 et
227 1174 382 1207 nomine.
406 1193 449 1200 —
472 1174 660 1211 materiae,
684 1172 778 1216 quali
805 1173 935 1206 fossero
961 1173 1084 1205 risulta
1108 1172 1163 1205 dai
1191 1172 1280 1205 titoli
1311 1172 1439 1216 quassu
1465 1171 1635 1215 riportati.

169 1237 214 1242 -
238 1219 404 1251 maxima
428 1218 522 1252 bella
539 1223 604 1251 et...
622 1217 742 1253 duces.
759 1229 799 1250 su
814 1217 991 1261 l'esempio
1007 1217 1184 1251 d'Omero:
1209 1217 1320 1250 donde
1345 1215 1378 1250 lo
1403 1216 1636 1261 pseudo-Lon-

170 1263 254 1307 gino
268 1263 327 1303 (de
337 1263 430 1296 subl.
445 1262 498 1301 13,
511 1262 545 1304 3>
561 1262 700 1296 chiama
715 1262 887 1295 Stesicoro
905 1264 1192 1304 ὀμηρικώτατος.
1206 1281 1248 1287 -
1263 1272 1375 1295 onera
1387 1263 1636 1301 sustinentem,

170 1307 306 1342 ricorda
330 1307 518 1341 l'oraziano
542 1306 680 1346 (Carm.
707 1306 763 1341 lv.
781 1307 811 1345 9,
830 1309 880 1347 8):
907 1307 1172 1351 Stesichorique
1192 1318 1277 1351 yra
1289 1317 1359 1340 ves
1389 1305 1574 1340 Camenae.
1594 1327 1633 1331 —

168 1352 263 1396 lyra,
287 1352 321 1385 la
346 1352 462 1396 poesia
488 1352 612 1386 melica
637 1362 695 1385 era
721 1357 995 1395 accompagnatn
1020 1351 1077 1384 dal
1101 1363 1211 1385 suono
1235 1351 1326 1385 della
1356 1353 1457 1394 λύρα.
1483 1372 1525 1375 -
1544 1362 1636 1394 per-

165 1399 273 1436 sonis,
291 1408 321 1429 v.
340 1401 363 1439 ἓ
379 1397 422 1430 27
440 1408 472 1430 n.
490 1415 533 1421 -—
556 1398 587 1430 si
605 1398 774 1430 tenuisset
800 1397 960 1434 modum,
985 1397 1004 1429 e
1022 1407 1067 1429 un
1093 1401 1378 1441 apprezzamento
1405 1396 1584 1439 personale
1602 1396 1635 1429 di

168 1441 404 1482 Quintiliano:
429 1452 557 1476 nessun
581 1441 671 1475 altro
695 1441 787 1485 degli
813 1441 946 1474 antichi
975 1441 1019 1474 ha
1043 1452 1200 1486 espresso
1218 1452 1264 1474 un
1282 1441 1434 1485 giudizio
1451 1441 1576 1475 simile.
1595 1461 1635 1466 —

167 1487 385 1520 aemulari...
411 1486 626 1523 Homerum,
650 1487 819 1520 aemulor
842 1486 900 1531 qui
926 1497 944 1520 e
969 1486 1000 1523 2,
1028 1485 1069 1518 17
1095 1486 1377 1520 coll'accusativo
1410 1485 1444 1519 di
1470 1497 1636 1530 persona;

166 1534 189 1573 g
216 1531 280 1564 122
302 1531 358 1566 col
380 1531 796 1576 dativa—effunditur,
820 1533 883 1564 cfr.
909 1531 1004 1573 §73³
1028 1533 1146 1574 fusus.
1175 1551 1211 1556 —
1240 1537 1312 1564 ut...
1330 1533 1392 1571 ita,
1416 1542 1448 1564 v.
1466 1532 1518 1572 §1
1547 1542 1637 1564 n.—

167 1578 290 1620 copiae
313 1578 457 1617 vitium,
472 1587 491 1611 e
510 1576 630 1621 quindi
650 1587 750 1610 meno
767 1575 997 1620 riprovevole,
1016 1576 1155 1620 perche,
1173 1575 1321 1610 secondo
1338 1575 1556 1616 Quintiliano
1580 1575 1636 1617 (11,

166 1621 200 1661 4,
224 1622 274 1660 4):
299 1624 435 1663 peius...
454 1621 551 1654 illud
574 1623 732 1662 (vitium)
757 1622 853 1665 quod
877 1632 923 1655 ex
947 1623 1070 1664 inopia
1088 1633 1200 1666 quam
1217 1621 1314 1665 quod
1338 1632 1384 1655 ex
1408 1623 1511 1665 copia
1528 1622 1635 1655 venit.

167 1684 211 1692 -
256 1666 321 1700 63.
346 1666 504 1700 Alcaeus
528 1667 714 1709 (Ἀλκαῖος,
739 1666 872 1707 Aleeo),
890 1666 924 1699 di
943 1666 1115 1703 Mitilene,
1131 1666 1166 1699 in
1186 1666 1306 1704 Lesbo,
1325 1666 1401 1700 fiori
1417 1667 1511 1699 circa
1528 1665 1553 1699 il
1569 1665 1637 1699 610

167 1721 222 1743 av.
247 1710 303 1745 Cr.
328 1723 347 1745 e
371 1722 470 1756 prese
496 1711 576 1744 viva
603 1716 700 1755 parte
726 1710 795 1745 alle
820 1712 904 1745 lotte
930 1711 1065 1745 interne
1090 1711 1181 1745 della
1206 1722 1268 1744 sua
1293 1711 1377 1744 citta
1404 1711 1458 1744 fra
1483 1711 1592 1745 nobili
1617 1721 1636 1744 e

167 1755 343 1799 popolani,
368 1756 532 1790 tantoche
557 1757 592 1789 su
619 1761 784 1790 eostretto
808 1756 850 1789 ad
876 1755 1012 1790 esulare
1038 1767 1056 1790 e
1080 1757 1109 1789 si
1135 1758 1214 1790 reeb
1238 1756 1275 1789 in
1293 1756 1377 1789 Asia
1402 1767 1421 1789 e
1445 1756 1481 1789 in
1507 1755 1636 1800 Egitto.

167 1800 271 1840 Quivi
308 1801 343 1834 fu
381 1801 468 1835 fatto
503 1801 729 1845 prigioniero,
755 1812 809 1833 ma
846 1800 870 1833 il
908 1800 1046 1835 tiranno
1082 1801 1218 1834 Pittaco
1253 1803 1301 1843 (v.
1326 1804 1430 1842 sotto)
1462 1800 1495 1834 lo
1528 1801 1636 1834 libero

167 1855 188 1878 e
211 1844 267 1889 poi
317 1845 342 1878 11
378 1846 579 1879 concedette
616 1845 638 1878 11
676 1845 867 1889 rimpatrio.
906 1845 1003 1880 Delle
1038 1856 1098 1879 sue
1124 1845 1192 1882 odi.
1229 1856 1322 1890 pare,
1353 1845 1636 1880 numerosissime

167 1889 272 1932 (dieci
313 1890 402 1932 ibri),
427 1901 496 1925 non
512 1890 544 1924 ci
562 1890 768 1933 rimangono
785 1890 850 1924 che
869 1890 1007 1924 intorno
1025 1902 1044 1923 a
1061 1896 1162 1924 cento
1180 1890 1391 1924 frammenti.
1409 1910 1453 1916 —
1478 1893 1515 1924 in
1530 1897 1638 1934 parte

217 1934 389 1973 donatur,
413 1935 476 1969 cfr.
494 1938 516 1977 ξ
535 1935 572 1968 9:
597 1936 635 1968 in
653 1936 728 1968 illis
746 1935 963 1968 laudantur.
982 1955 1021 1959 —
1051 1946 1164 1969 aureo
1179 1935 1328 1979 plectro,
1346 1947 1376 1968 v.
1395 1935 1493 1969 Oraz.
1514 1937 1636 1970 Carm.

170 1977 211 2017 11,
236 1978 288 2016 13,
312 1979 422 2014 26-27.
447 2000 490 2004 —
509 1980 659 2024 plectro,
682 1981 866 2023 plectrum
891 1980 910 2014 e
927 1980 1046 2024 parola
1064 1991 1167 2024 greca
1192 1981 1378 2025 adoperata
1396 1980 1431 2013 di
1449 1980 1567 2025 regola
1586 1980 1632 2014 in-

167 2033 252 2057 vece
269 2023 360 2058 della
372 2024 655 2069 cori-ispondente
669 2025 1050 2069 latina‚pulsabulum.
1062 2037 1082 2058 a
1100 2025 1283 2069 designare
1301 2025 1483 2059 l'archetto
1500 2036 1561 2070 per
1585 2025 1634 2069 gli

167 2069 353 2102 strumenti
379 2069 538 2103 musicali
564 2081 583 2102 3
607 2070 722 2103 corda.
749 2089 791 2096 —
816 2077 1003 2113 tyrannos,
1028 2070 1164 2103 Mirsilo
1188 2081 1207 2104 e
1232 2070 1380 2109 Pittaco,
1404 2070 1460 2104 dai
1485 2070 1580 2115 quali
1598 2071 1634 2103 fu

167 2113 323 2147 cacciato
348 2113 440 2148 dalla
465 2115 548 2147 eitta
576 2115 703 2147 nativa.
731 2114 779 2149 Le
799 2115 914 2159 poesie
932 2115 967 2148 in
984 2115 1041 2148 cui
1059 2118 1161 2149 canto
1179 2115 1211 2149 le
1228 2114 1401 2149 discordie
1417 2126 1436 2149 e
1453 2115 1486 2150 le
1510 2126 1635 2157 guerre

166 2157 265 2192 civili
289 2159 323 2191 di
348 2159 510 2193 Mitilene
533 2170 616 2193 eran
641 2159 734 2193 dette
759 2161 992 2195 στασιωτικὰ.
1008 2179 1050 2184 -
1076 2161 1237 2194 moribus
1255 2162 1405 2204 confert,
1422 2170 1487 2194 con
1513 2160 1545 2194 le
1561 2171 1636 2194 sen-

167 2206 266 2237 tenze
291 2203 426 2243 morali,
450 2204 538 2237 onde
563 2203 711 2238 arricchi
738 2204 770 2238 le
793 2215 855 2238 sue
879 2205 946 2238 odi.
963 2204 1102 2246 Quanto
1115 2204 1185 2238 3113
1203 2205 1420 2240 costruzione
1444 2205 1478 2238 di
1497 2207 1637 2249 confert

167 2259 200 2280 v.
224 2251 247 2289 S
276 2248 287 2281 1
317 2259 350 2282 n.
378 2268 419 2274 —
443 2255 478 2282 et
493 2249 658 2290 dilioens.
678 2249 857 2293 App.crit.
874 2269 917 2275 —
934 2252 1073 2283 oratori
1096 2250 1238 2289 similis,
1256 2250 1289 2284 lo
1305 2256 1415 2284 stesso
1439 2250 1458 2284 e
1482 2250 1578 2284 detto
1601 2250 1634 2283 di

167 2292 377 2338 Teopompo,
402 2296 425 2335 §
449 2293 507 2328 74:
533 2294 595 2327 cfr.
621 2297 643 2335 ἓ
667 2293 727 2327 65:
753 2295 943 2328 similior...
961 2296 1178 2329 oratoribus.
1196 2314 1239 2320 —
1256 2295 1328 2334 sed,
1346 2305 1444 2329 come
1466 2306 1527 2339 per
1543 2295 1634 2328 dire:

166 2337 203 2371 iu
227 2343 349 2382 questo
374 2340 456 2383 pero
470 2350 538 2372 non
565 2350 605 2372 va
632 2339 801 2372 imitato...
819 2359 852 2364 —
872 2340 993 2375 lusit...
1007 2340 1200 2378 descendit,
1215 2339 1307 2374 nelle
1332 2351 1393 2374 sue
1418 2340 1534 2384 poesie
1558 2351 1636 2374 con-

165 2381 286 2422 vivali,
310 2386 527 2425 συμποτικά.
545 2394 564 2417 e
588 2394 755 2420 aniorose.
774 2385 944 2427 ἑρωτικά;
960 2384 1047 2418 lusit
1062 2385 1081 2419 e
1099 2385 1191 2419 forse
1209 2396 1277 2418 una
1297 2384 1547 2419 reminiscenza
1563 2396 1635 2419 ora-

165 2427 267 2461 ziana
283 2427 421 2472 (Carm.
441 2427 498 2465 lv,
523 2428 555 2466 9,
579 2428 630 2467 9);
657 2440 720 2462 nec
742 2430 866 2473 siquid
889 2430 976 2463 olim
995 2429 1083 2463 lusit
1101 2431 1305 2463 Anacreon.
1331 2431 1421 2474 App.
1437 2430 1513 2463 crit.
1527 2450 1567 2454 —
1597 2431 1635 2463 in

165 2482 308 2506 amores
342 2473 535 2510 descendit.
567 2474 630 2506 cfr.
667 2473 765 2507 Oraz.
796 2473 914 2508 Carm.
952 2473 977 2511 1.
1001 2474 1055 2513 32,
1081 2475 1102 2508 5
1125 2486 1218 2519 sgg.:
1256 2474 1525 2512 Lesbio...civi,
1545 2476 1552 2518 Ι
1572 2477 1636 2517 qui

165 2518 272 2559 fero-‘15
297 2517 420 2552 bello...
442 2519 448 2561 Ι
469 2517 644 2552 Liberum
679 2524 714 2552 et
748 2518 877 2553 Musas
910 2519 1186 2564 Veneremque...
1208 2521 1215 2561 Ι
1289 2520 1455 2559 canebat,
1476 2522 1483 2563 Ι
1503 2526 1537 2552 et
1569 2519 1638 2563 Ly-

165 2573 249 2596 cum
273 2564 390 2606 niyris
413 2563 529 2597 oculis
553 2564 730 2608 rii-oroque
749 2564 754 2607 Ι
775 2565 875 2598 crine
898 2564 1082 2598 decorum.
1097 2584 1137 2588 —
1165 2564 1377 2604 maioribus,
1401 2564 1420 2598 e
1445 2569 1578 2598 neutro.
1593 2583 1637 2591 —

106 2606 112 2611 “
165 2607 229 2642 64.
244 2608 446 2643 Simonides
458 2609 686 2653 (Σιμωνίδης,
703 2607 952 2654 Simonide)‚di
965 2610 1035 2644 Ceo
1048 2612 1082 2653 (ὁ
1098 2612 1221 2652 Κεῖος),
1234 2620 1369 2654 uaeque
1383 2609 1409 2642 il
1421 2609 1486 2644 556
1499 2621 1553 2643 av.
1568 2609 1636 2650 Cr.‚
