1887 2901
225 581 267 613 45

223 965 266 999 46

297 98 348 138 20
466 85 469 87 ⁵
822 111 952 139 carpo-r
981 113 1007 138 1.
1040 102 1060 147 g
1090 100 1247 139 45—46

295 185 496 227 cotidiano
527 186 727 234 recedant,
758 198 855 227 sana
883 187 924 227 et
952 199 1042 228 vere
1064 187 1190 228 attica
1209 188 1378 241 putantz
1399 187 1592 241 quosdam
1627 188 1774 230 elatior

294 249 448 304 ingenii
494 251 553 291 vis
597 254 638 291 et
676 251 807 305 magis
849 251 1050 292 concitata
1080 252 1121 292 et
1159 251 1278 307 plena
1308 253 1477 306 spiritus
1507 255 1647 306 capit3
1678 257 1774 295 sunt

293 314 417 356 etiam
447 315 550 356 lenis
580 317 620 356 et
649 315 769 356 nitidi
796 318 836 356 et
866 315 1074 368 compositi
1107 316 1265 370 generis
1295 329 1371 358 non
1403 318 1522 371 pauci
1555 319 1769 360 amatores.

292 379 354 420 De
384 392 465 432 qua
494 380 721 421 differentia
751 379 943 421 disseram
974 379 1228 433 diligentius,
1259 392 1352 422 cum
1374 381 1422 422 de
1442 394 1587 436 genere
1608 382 1771 424 dicendi

293 443 566 497 quaerendum
599 445 697 486 erit:
739 445 905 486 interim
950 444 1202 494 summatim,
1234 445 1333 498 quid
1364 448 1403 487 et
1434 459 1457 486 a
1488 459 1569 500 qua
1599 446 1772 489 lectione

292 508 425 561 petere
445 509 600 562 possint
618 509 685 562 qui
705 509 940 550 confirmare
957 507 1196 549 facultatem
1213 508 1371 551 dicendi
1391 510 1537 561 volent,
1554 511 1772 565 attingam:

292 585 439 625 paucos
470 574 582 626 (sunt
611 573 718 614 enim
741 572 1072 625 eminentissimi)
1092 585 1299 627 excerpere
1320 574 1361 614 in
1383 575 1518 616 animo
1539 576 1610 617 est.
1633 575 1771 617 Facile

292 637 353 678 est
372 637 509 678 autem
526 637 731 687 studiosis,
748 637 816 690 qui
834 637 917 678 sint
935 637 1000 678 his
1019 637 1239 690 simillimi,
1261 638 1454 689 iudicare,
1481 652 1530 681 ne
1552 639 1770 693 quisquam

292 703 486 755 queratur
514 702 681 743 omissos
711 701 812 743 forte
843 701 1013 755 aliquos,
1045 715 1144 754 quos
1188 703 1273 756 ipse
1306 703 1421 744 valde
1452 704 1610 756 probet:
1644 705 1772 746 fateor

291 767 400 808 enim
430 767 566 820 plures
596 765 785 820 legendos
815 779 898 807 esse
930 779 1050 819 quam
1085 766 1153 819 qui
1187 779 1209 807 a
1242 780 1304 808 me
1335 767 1666 809 nominabuntur.
1691 768 1768 810 Sed

291 844 398 872 nunc
427 843 574 885 genera
617 831 705 884 ipsa
747 830 982 879 lectionum,
1015 843 1116 883 quae
1158 831 1371 884 praecipue
1403 832 1614 874 convenire
1644 832 1770 874 inten—

291 895 493 944 dentibus,
524 897 571 936 ut
601 896 774 937 oratores
805 895 916 945 fiant,
948 895 1189 945 existimem,
1221 908 1449 949 persequar.

346 959 493 1014 Igitur,
506 961 553 1001 ut
566 959 718 1001 Aratus
729 960 779 1001 ab
791 959 882 1001 Iove
898 959 1177 1013 incipiendum
1189 962 1321 1013 putat,
1333 960 1391 1001 ita
1408 972 1478 1002 nos
1495 961 1572 1002 rite
1589 961 1770 1015 coepturi

290 1116 470 1150 cotidiano
495 1117 654 1149 sermoni
677 1115 880 1149 simillima.
906 1136 948 1139 —
984 1126 1076 1149 sana
1095 1116 1260 1155 ..αιιῐσιῃ
1280 1115 1356 1149 vcosi
1387 1115 1457 1149 Cic.
1490 1116 1596 1150 Brut.
1624 1114 1677 1156 13,
1705 1116 1769 1151 51:

290 1161 546 1194 salubritatem
579 1163 710 1195 atticae
747 1161 915 1194 dictionis
952 1167 986 1194 et
1020 1161 1127 1205 quasi
1161 1167 1378 1199 sanitate›n;
1403 1162 1464 1194 cfr.
1497 1160 1597 1195 Orat.
1622 1161 1678 1201 25,
1703 1161 1769 1196 90:

290 1206 471 1251 quidquid
495 1212 546 1240 est
569 1206 709 1240 salsum
733 1212 800 1239 aut
822 1206 971 1239 salubre
997 1207 1033 1239 in
1051 1208 1226 1244 oratione,
1252 1207 1290 1239 id
1312 1209 1463 1250 proprie
1480 1207 1688 1240 Atticorum
1706 1213 1768 1243 est.

289 1270 332 1277 ——
356 1251 487 1285 elatior
512 1252 651 1295 inyen-ii
676 1252 738 1291 vis,
764 1251 867 1295 quale
892 1251 920 1284 si
947 1251 1134 1284 manifesta
1162 1250 1253 1284 nello
1277 1251 1357 1285 stile
1382 1251 1543 1285 sublime.
1571 1271 1609 1277 —
1636 1252 1769 1286 elatior

290 1302 370 1331 ..et
392 1297 510 1340 mayis
533 1298 722 1335 concitata,
747 1307 864 1340 spesso
901 1296 937 1329 in
970 1296 1187 1337 Quintiliano
1226 1296 1336 1339 prima
1361 1308 1381 1330 o
1406 1297 1494 1340 dopo
1519 1307 1566 1330 un
1591 1307 1769 1342 compara-

289 1341 361 1376 tivo
386 1341 415 1375 si
439 1346 537 1375 trova
574 1352 622 1374 un
658 1341 806 1385 positivo
843 1352 907 1375 eon
935 1344 1075 1385 »παρίω
1101 1342 1161 1374 cfr.
1189 1344 1235 1382 ἐξ
1262 1341 1314 1376 74.
1339 1341 1393 1378 77.
1418 1341 1472 1376 94.
1500 1362 1536 1366 —
1563 1341 1674 1385 plena
1696 1344 1767 1387 spi-

287 1388 394 1426 ritus,
419 1391 501 1420 nota
526 1386 613 1420 l'uso
641 1386 696 1420 del
714 1386 882 1430 genitivo,
901 1387 1082 1430 frequente
1101 1386 1154 1419 nei
1175 1386 1458 1430 contemporanei
1478 1386 1511 1419 di
1536 1386 1768 1428 Quintiliano,

288 1431 314 1464 il
339 1431 442 1476 quale
466 1431 616 1475 adopera
637 1432 770 1475 plenus
794 1442 855 1465 ora
879 1442 944 1465 con
970 1432 994 1464 il
1020 1431 1187 1475 genitivo,
1212 1442 1273 1465 ora
1308 1442 1373 1464 eon
1412 1431 1606 1465 l'ablativo.
1634 1452 1674 1456 ——
1699 1435 1767 1477 spi·

287 1478 397 1517 ritus,
422 1476 711 1521 ‘inspirazione‘.
738 1497 777 1500 —
812 1477 949 1511 lenis
973 1478 1129 1519 penei-is,
1154 1476 1173 1510 e
1199 1475 1231 1509 lo
1256 1475 1336 1510 stile
1362 1476 1486 1510 medio.
1514 1479 1601 1521 App.
1621 1477 1698 1510 crit.
1726 1498 1767 1503 —

287 1522 408 1561 nitidi,
433 1522 496 1555 cfr.
522 1524 544 1563 ἓ
568 1521 590 1555 9
614 1533 647 1554 n.
673 1534 691 1554 a
717 1522 921 1555 nitidiore...
952 1542 986 1545 —
1014 1522 1200 1564 compositi
1222 1523 1404 1564 (perieris),
1422 1522 1573 1555 consiste
1600 1522 1693 1555 nella
1719 1533 1766 1556 re—

287 1566 438 1611 golarite
471 1577 489 1600 e
522 1566 717 1600 simmetria
741 1566 833 1600 della
858 1567 962 1609 frase,
986 1567 1061 1600 cioe
1088 1566 1179 1600 nella
1216 1565 1450 1600 collocazioue
1484 1572 1649 1601 accurata
1674 1567 1766 1602 delle

289 1612 418 1656 parole.
443 1631 485 1637 —
510 1612 690 1646 disseram
715 1612 939 1655 diligentius.
968 1611 1043 1648 xn,
1083 1612 1134 1644 10.
1170 1611 1214 1643 (33
1250 1623 1325 1654 εςι..
1368 1632 1399 1635 -
1438 1612 1527 1656 quid
1563 1618 1596 1646 et
1631 1623 1653 1645 a
1678 1623 1763 1657 qua,

288 1658 378 1702 App.
403 1657 479 1690 crit.
509 1677 541 1680 --
566 1663 702 1701 petere,
729 1657 784 1691 nel
810 1668 910 1691 senso
937 1656 969 1689 di
995 1655 1232 1701 ‘iniparare‘;
1259 1657 1320 1689 cfr.
1347 1661 1368 1695 ᾗ
1394 1657 1446 1689 27.
1474 1677 1514 1681 -
1550 1657 1764 1700 facultatem

287 1703 442 1736 dicendi.
461 1702 595 1735 traduci
615 1713 679 1736 con
699 1713 765 1735 una
786 1701 904 1745 pai-ola
927 1701 1011 1735 sola.
1030 1721 1073 1727 --
1095 1713 1231 1745 paucos
1249 1703 1455 1744 (auctores),
1480 1706 1488 1718 ⁴
1503 1702 1576 1735 solo
1637 1702 1655 1736 ¹.
1675 1703 1765 1747 App.

286 1748 366 1780 crit.
383 1766 425 1772 —
449 1754 511 1788 est,
536 1747 639 1781 milii.
664 1766 707 1772 —
733 1748 796 1781 45.
821 1747 1002 1785 studiosis,
1021 1751 1119 1780 usato
1137 1746 1421 1784 assolutamente,
1438 1747 1514 1781 cioe
1531 1757 1635 1780 senza
1660 1746 1765 1780 alcun

287 1792 479 1826 sostantivo
504 1792 569 1826 che
594 1804 637 1826 ne
662 1792 823 1837 dipenda,
849 1792 993 1835 designa
1018 1792 1054 1825 in
1079 1791 1243 1836 generale
1269 1791 1300 1825 le
1339 1802 1485 1836 persone
1509 1792 1706 1826 desiderose
1730 1792 1765 1826 (li

287 1837 484 1882 acquistare
510 1849 579 1871 una
604 1837 703 1881 larga
727 1837 863 1871 cultura
891 1837 1079 1876 letteraria,
1106 1837 1140 1870 in
1167 1836 1374 1880 particolare
1399 1837 1450 1881 gli
1474 1836 1620 1871 studiosi
1645 1837 1680 1871 di
1706 1837 1766 1879 let7

286 1887 442 1916 teratura
467 1894 497 1923 e,
522 1883 581 1927 piu
606 1893 735 1927 spesso,
760 1883 810 1926 gli
836 1882 980 1916 studiosi
1000 1882 1034 1915 di
1051 1883 1220 1916 oratoria:
1246 1881 1281 1914 in
1307 1881 1546 1926 quest'ultimo
1563 1882 1763 1926 significato

287 1927 320 1960 la
345 1927 464 1973 parola
489 1928 508 1962 e
532 1928 714 1972 frequente
739 1928 775 1960 in
800 1927 1028 1969 Quintiliano.
1045 1947 1085 1952 —
1109 1927 1301 1965 simillimi,
1320 1928 1408 1971 App.
1434 1926 1510 1960 crit.
1526 1946 1568 1953 -
1593 1938 1638 1962 ne
1654 1929 1762 1973 (quis-

287 1984 397 2017 quam
416 1979 596 2017 queratur
610 1977 667 2016 ...),
691 1983 759 2006 non
788 1986 805 2005 «
819 1972 970 2006 affinche
986 1986 1056 2012 ...»,
1083 1984 1140 2005 nia
1166 1978 1173 1991 ⁴
1188 1972 1253 2005 che
1269 1972 1322 2009 .,,’,
1348 1983 1446 2006 come
1472 1971 1540 2010 noi,
1558 1984 1589 2017 p.
1607 1983 1673 2006 es.:
1698 1972 1764 2007 che

286 2018 342 2062 poi
374 2029 442 2052 non
468 2029 627 2061 avvenga
644 2044 689 2057 ...,
715 2018 780 2052 ‹·he
805 2018 912 2052 niuno
937 2017 1040 2051 creda
1123 2038 1161 2042 —-
1197 2017 1336 2061 plures,
1362 2017 1452 2062 App.
1479 2017 1554 2050 crit.
1580 2036 1624 2043 —
1647 2029 1669 2051 α
1694 2029 1763 2058 me,

286 2065 376 2108 App.
401 2063 477 2097 crit.
513 2083 555 2088 ——
592 2065 681 2106 ipsa,
705 2063 749 2096 da
775 2064 933 2097 tradurre
968 2074 1032 2097 con
1070 2073 1116 2096 un
1142 2062 1325 2096 avverbio:
1352 2062 1562 2107 ‘appunto‘.
1588 2072 1596 2080 ·
1612 2063 1764 2107 propria·

285 2113 402 2142 mente
417 2108 424 2119 ⁸
497 2128 539 2134 —
565 2108 771 2148 lectionum,
797 2109 900 2142 unico
924 2108 1089 2152 esempio.
1107 2107 1141 2140 in
1158 2107 1388 2148 Quintiliano,
1414 2108 1447 2140 di
1467 2118 1528 2141 uso
1545 2107 1600 2142 del
1626 2107 1764 2152 plurale

285 2153 376 2188 della
410 2164 494 2187 voce
527 2153 640 2193 lectio,
665 2153 731 2187 eho
756 2154 815 2198 qui
842 2154 887 2187 ha
923 2153 1122 2197 significato
1149 2152 1285 2197 passivo
1310 2164 1328 2185 e
1355 2152 1469 2186 indica
1495 2152 1548 2187 cio
1585 2152 1651 2187 che
1676 2153 1762 2187 deve

286 2209 380 2232 esser
407 2198 501 2232 letto.

329 2245 394 2278 46.
423 2245 570 2283 Aratus,
596 2255 627 2276 v.
653 2246 675 2285 ἓ
700 2243 752 2276 55.
781 2243 805 2276 ll
834 2254 954 2286 poema
980 2242 1013 2275 di
1042 2244 1150 2275 Arato
1171 2246 1376 2283 Φαινόμενα
1403 2245 1459 2276 καὶ
1485 2244 1688 2286 Διοσημεῖα
1714 2243 1763 2276 in-

285 2289 458 2322 comincia
483 2300 547 2323 con
573 2289 604 2322 le
630 2289 748 2333 parole
774 2289 832 2323 Ἐκ
858 2289 946 2329 Διὸς
971 2290 1197 2330 ἀρχώιιεσθα,
1223 2288 1288 2321 che
1312 2287 1481 2321 Cicerone
1507 2287 1684 2322 tradusse:
1715 2288 1762 2322 ab

287 2334 368 2367 Iove
395 2334 591 2367 Musarum
604 2334 816 2378 primordia
833 2345 877 2365 iv.
897 2336 918 2374 g
936 2333 993 2367 eit.
1014 2344 1044 2365 n.
1069 2333 1107 2374 1).
1129 2332 1176 2365 Lo
1206 2337 1315 2367 stesso
1343 2332 1511 2367 Cicerone
1535 2332 1581 2366 de
1608 2333 1760 2375 Repu-bl.

287 2379 312 2418 1,
336 2379 389 2418 36,
415 2379 457 2412 56
482 2390 636 2413 accenna
661 2378 703 2411 ad
730 2380 838 2412 Arato
862 2390 881 2411 e
906 2378 938 2411 al
962 2389 1024 2411 suo
1049 2377 1144 2411 detto
1169 2380 1372 2413 (imitemur
1396 2380 1570 2414 Aratum,
1597 2380 1662 2422 qui
1685 2389 1762 2411 ma-

282 2426 366 2466 ‚qnis
391 2424 567 2458 derebus
593 2425 714 2458 dicere
747 2424 941 2457 exordiens
966 2435 986 2455 a
1015 2422 1096 2456 Iove
1133 2423 1382 2466 incipiendum
1446 2428 1547 2463 ucat),
1583 2433 1603 2455 a
1640 2423 1697 2456 cui
1728 2423 1758 2456 si

286 2468 416 2512 riporta
442 2469 465 2502 il
492 2469 681 2513 virgiliano
699 2468 789 2508 (Ecc.
810 2468 865 2507 111,
878 2467 952 2509 ‹50):
970 2469 1015 2501 ab
1036 2467 1116 2501 Iove
1137 2469 1376 2512 principium.
1394 2433 1459 2502 effe
1485 2469 1587 2512 passo
1613 2467 1648 2501 in
1675 2479 1760 2512 pro-

287 2514 414 2548 verbio.
441 2534 483 2540 —
508 2516 587 2553 rite,
637 2513 962 2548 ‘solennemente’z
1001 2514 1063 2546 cfr.
1090 2517 1112 2553 ξ
1137 2513 1197 2547 85;
1279 2514 1614 2557 auspicatis-simmia
1647 2524 1758 2547 exor-

286 2559 400 2592 dium.
426 2579 468 2585 —
493 2561 666 2604 coepturi,
693 2559 700 2592 i
729 2559 824 2593 verbi
851 2560 948 2601 coepi
973 2569 991 2591 e
1018 2560 1176 2601 incipere
1200 2569 1284 2591 sono
1309 2558 1368 2602 qui
1387 2558 1477 2591 usati
1497 2557 1591 2593 l'uno
1609 2563 1759 2593 aet-anto

285 2603 437 2639 all’altro
463 2616 564 2639 senza
591 2610 688 2639 tener
713 2611 814 2639 conto
839 2603 931 2638 della
956 2603 1141 2637 dillereuza
1166 2604 1220 2638 del
1254 2603 1328 2638 loro
1359 2603 1570 2649 significato.
1608 2603 1699 2638 Nota
1734 2603 1760 2637 il
