1887 2901
739 103 871 131 cern-1·
899 105 939 132 v.
969 93 991 140 ἓ
1022 91 1176 131 19—20
1640 90 1692 129 99

219 175 267 219 ut
294 175 425 218 omnis
453 175 541 219 eius
571 177 806 231 eloquentia
826 178 1018 221 contineri
1038 178 1144 220 tecto
1163 189 1210 219 ac
1230 176 1454 231 parietibus
1475 175 1691 217 videretur.

220 241 352 294 Quare
381 241 553 292 iuvenis,
584 244 654 296 qui
686 243 885 285 rationem
906 241 1138 284 inveniendi
1158 241 1454 295 eloquendique
1476 253 1499 281 a
1538 252 1690 293 praece·
1718 251 1760 285 19

219 306 402 360 ptoribus
430 305 649 360 diligenter
678 308 878 361 acceperit
897 306 1022 360 (quod
1043 318 1120 347 non
1141 308 1202 347 est
1227 305 1375 346 infiniti
1399 305 1542 358 operis,
1564 304 1597 345 si
1629 303 1691 345 do-

218 383 306 412 cere
334 371 465 412 sciant
504 372 545 412 et
581 371 740 423 velint),
775 371 1101 413 exercitationem
1138 382 1297 423 quoque
1333 369 1532 410 modicam
1569 368 1692 410 suerit

218 435 468 484 consecutUS,
488 437 684 476 oratorem
716 436 792 477 sibi
825 435 1017 489 aliquem,
1041 434 1146 488 quod
1176 434 1283 488 apud
1314 434 1484 475 maiores
1514 433 1600 474 fieri
1632 445 1690 474 so-

218 499 340 549 lebat,
370 499 537 554 deligat,
569 513 689 552 quem
720 501 926 554 sequatur,
957 512 1078 552 quem
1110 499 1319 541 imitetur:
1341 498 1505 539 iudiciis
1530 497 1691 538 intersit

218 575 340 616 quam
371 563 574 617 plurimis,
606 566 646 606 et
674 565 728 606 sit
757 564 1004 614 certaminis,
1035 565 1100 606 cui
1123 564 1363 615 destinatur,
1389 562 1576 615 frequens
1607 573 1690 615 spe-

216 629 358 669 ctator.
381 627 487 668 Tum
514 641 669 677 causas,
691 629 753 670 vel
784 628 957 679 easdem,
980 641 1080 682 quas
1111 628 1177 682 agi
1200 627 1390 676 audierit,
1409 626 1503 668 stilo
1534 628 1575 667 et
1603 625 1688 679 ipse
1714 632 1758 665 20

217 695 441 746 componat,
473 693 535 734 vel
565 694 688 734 etiarn
711 693 825 742 alias,
847 706 960 735 veras
991 692 1119 743 modo,
1150 694 1191 733 et
1221 692 1428 744 utrimque
1459 691 1606 732 tractet
1635 691 1688 738 et,

218 755 322 809 quod
354 756 393 797 in
425 757 720 809 gladiatoribus
750 758 836 799 fieri
868 757 1064 805 videmus,
1096 756 1329 798 decretoriis
1364 757 1607 803 exerceatur,
1643 756 1690 794 ut

218 820 357 862 fecisse
390 821 562 862 Brutum
595 821 771 863 diximus
801 834 870 876 pro
901 822 1064 863 Milone.
1098 822 1246 862 Melius
1283 823 1356 862 hoc
1395 832 1517 873 quam
1553 819 1690 860 rescri-

218 885 310 926 bere
339 885 544 927 veteribus
588 886 865 935 orationibus,
898 889 944 927 ut
974 886 1069 928 fecit
1111 886 1269 927 Cestius
1309 887 1445 926 contra
1487 883 1690 926 Ciceronis

217 1009 252 1044 le
275 1010 378 1054 parti,
403 1010 453 1054 gli
478 1011 638 1045 avvocati
664 1022 682 1044 e
707 1011 739 1045 le
763 1011 851 1046 altre
878 1023 1022 1056 persone
1047 1022 1067 1045 a
1092 1011 1146 1045 cui
1189 1021 1248 1045 era
1284 1021 1448 1044 concesso
1487 1009 1629 1044 sedersi.
1647 1028 1690 1035 -

216 1054 389 1089 subsellia
445 1057 822 1099 transferrentur,cfr.
841 1057 918 1091 Seu.
929 1058 1047 1091 Contr.
1059 1057 1107 1090 lx
1120 1056 1209 1098 (IV),
1221 1058 1341 1100 praef.
1355 1055 1390 1089 3:
1406 1054 1691 1089 declamatoriae

218 1101 364 1134 virtutis
389 1100 588 1135 Latronem
615 1101 789 1135 Porcium
816 1104 966 1135 unicum
994 1101 1215 1145 exemplum.
1237 1113 1318 1136 cum
1336 1111 1403 1144 pro
1428 1111 1489 1134 reo
1506 1101 1544 1132 in
1563 1099 1690 1144 Hispa-

216 1146 280 1178 nia
305 1144 453 1179 Rustico
479 1145 611 1180 Porcio
629 1148 839 1191 propinquo
864 1157 928 1180 suo
952 1148 1096 1185 diceret,
1122 1157 1235 1190 usque
1259 1157 1297 1180 eo
1322 1156 1396 1179 esse
1418 1146 1624 1188 confusum.
1650 1150 1692 1177 ut

217 1201 240 1222 a
263 1190 469 1224 soloecismo
496 1192 679 1236 inciperet,
704 1202 767 1225 nec
791 1198 875 1225 ante
886 1193 1048 1236 potuisse
1068 1193 1292 1235 confirmari,
1307 1196 1439 1224 tectum
1465 1200 1508 1224 ac
1532 1191 1690 1233 parietes

217 1235 498 1273 desiderantem,
523 1247 631 1280 quam
652 1238 872 1280 impetravit,
898 1243 938 1269 ut
955 1237 1134 1270 iudicium
1151 1248 1197 1270 ex
1213 1239 1293 1278 foro
1312 1239 1348 1268 in
1368 1235 1556 1270 basilicam
1575 1241 1689 1267 trans-

216 1281 395 1324 ferretur.
427 1280 543 1325 Usque
566 1292 604 1314 eo
629 1283 776 1325 inqenia
802 1283 839 1313 in
863 1281 1086 1315 scholasticis
1110 1281 1430 1315 exercitationibus
1454 1280 1606 1313 delicate
1627 1291 1691 1312 nu-

219 1325 398 1363 triuntur,
424 1331 464 1358 ut
487 1325 697 1365 clamorem,
721 1327 921 1365 silentium,
947 1327 1076 1364 risum,
1089 1325 1232 1359 caelum
1250 1327 1408 1369 denique
1420 1327 1499 1368 pati
1517 1326 1688 1357 nesciant.

218 1371 309 1447 AYp.
327 1370 403 1403 crit.
417 1389 461 1396 —
475 1370 674 1410 basilicam,
699 1370 709 1403 i
728 1371 864 1415 portici,
881 1371 1021 1405 ond'era
1035 1370 1235 1404 circondato
1255 1371 1277 1403 il
1297 1371 1371 1404 foro
1389 1380 1407 1403 e
1423 1369 1489 1403 che
1507 1369 1691 1402 sem-ivano

217 1418 253 1447 ta
269 1424 330 1448 ora
338 1425 437 1449 come
450 1420 546 1449 corte
559 1415 593 1448 di
607 1415 770 1460 giustizia
783 1427 802 1450 e
819 1415 923 1460 luogo
936 1415 970 1449 di
983 1415 1174 1449 adunanze.
1189 1415 1261 1448 Cfr.
1275 1415 1308 1454 3,
1322 1414 1366 1448 30
1379 1425 1411 1447 n.
1426 1426 1444 1447 a
1461 1420 1588 1448 tot...—
1604 1419 1691 1447 tecto

216 1470 260 1493 ac
269 1460 487 1504 parietibus,
505 1460 580 1494 cioe
591 1460 683 1494 nella
697 1460 826 1497 scuola,
846 1460 949 1504 luogo
965 1460 1098 1494 chiuso.
1116 1481 1159 1484 —
1205 1461 1264 1494 19.
1282 1462 1460 1493 rationem
1480 1459 1691 1492 inveniendi

217 1504 492 1550 eloquendique,
519 1506 594 1539 vale
619 1517 638 1539 a
663 1505 748 1544 dire,
771 1506 822 1550 gli
847 1505 1012 1540 elementi
1037 1504 1291 1539 fondamentali
1317 1504 1409 1538 della
1447 1503 1606 1542 retorica,
1631 1514 1692 1547 per

217 1551 273 1583 cio
296 1549 362 1584 che
387 1550 552 1594 riguarda
578 1550 610 1584 la
637 1551 756 1584 teoria.
782 1552 1134 1585 ‘exercitationem
1151 1550 1343 1589 modicam,
1358 1556 1414 1583 ‘un
1441 1559 1526 1593 poco
1543 1548 1692 1581 di...'.—-

217 1595 319 1638 apud
332 1597 498 1634 maiores,
515 1595 592 1633 XII,
608 1595 659 1634 11,
673 1595 710 1629 5:
723 1596 1013 1640 frequentabunt
1069 1597 1148 1629 eius
1165 1594 1397 1633 <delr0ratore
1410 1594 1476 1628 che
1494 1592 1692 1635 invecchia)

217 1639 368 1673 domum
394 1642 523 1684 optimi
547 1643 693 1674 iuvenes
720 1651 819 1674 more
843 1647 1005 1675 veterum
1034 1646 1067 1674 et
1104 1651 1186 1674 vere
1221 1640 1366 1674 dicendi
1391 1641 1490 1672 viam
1522 1639 1623 1672 velut
1647 1648 1692 1671 ex

218 1686 369 1718 oraculo
388 1691 523 1728 petent.
550 1685 674 1719 Anche
700 1686 756 1730 piu
783 1686 818 1718 fa
842 1685 876 1719 al
901 1696 981 1719 caso
1005 1690 1123 1719 nostro
1148 1684 1172 1717 il
1198 1689 1366 1729 seguente
1391 1694 1491 1728 passo
1507 1683 1541 1716 di
1560 1683 1693 1721 Tacito,

221 1729 316 1762 Dial.
341 1729 396 1769 34,
420 1729 486 1763 che
513 1741 555 1763 va
580 1730 748 1774 riportato
773 1741 834 1775 per
859 1730 988 1764 intero:
1014 1731 1115 1773 apud
1139 1731 1295 1764 maiores
1311 1735 1450 1762 nostros
1477 1730 1616 1762 iuvenis
1630 1728 1694 1761 ille

218 1777 282 1819 qui
305 1775 387 1818 foro
411 1780 444 1808 et
468 1775 696 1819 eloquentiae
718 1776 935 1818 parabatur,
973 1775 1134 1808 imbutus
1159 1776 1234 1807 iam
1259 1775 1455 1809 domestica
1484 1773 1693 1817 disciplina,

218 1820 379 1863 refertus
404 1819 562 1853 honestis
587 1820 728 1857 studiis,
754 1820 1003 1854 deducebatur
1027 1831 1049 1853 a
1069 1826 1178 1863 patre
1194 1820 1252 1853 vel
1268 1831 1290 1852 a
1297 1820 1520 1863 propinquis
1544 1818 1593 1851 ad
1609 1829 1692 1851 eum

218 1869 413 1903 oratorem,
438 1867 503 1908 qui
521 1866 727 1909 principem
742 1866 780 1897 in
798 1867 943 1899 civitate
963 1865 1081 1899 locum
1099 1865 1291 1899 obtinebat.
1309 1863 1418 1897 Hunc
1435 1864 1576 1902 sectari,
1595 1863 1692 1895 hunc

214 1911 400 1954 prosequi,
425 1909 536 1943 huius
561 1910 727 1944 omnibus
753 1910 970 1944 dictionibus
996 1912 1177 1947 interesse,
1201 1911 1276 1944 sive
1301 1911 1339 1942 in
1365 1909 1524 1947 iudiciis,
1550 1909 1625 1941 sive
1655 1910 1694 1940 in

218 1955 445 1988 contionibus
470 1955 712 1992 adsuescebat,
742 1957 790 1987 ita
817 1961 856 1988 ut
892 1955 1145 1989 altercationes
1170 1965 1310 1999 quoque
1346 1955 1529 1997 exciperet
1563 1959 1596 1986 et
1622 1954 1696 1985 iur-

214 2000 288 2044 giis
312 2001 498 2033 interesset
525 2005 634 2044 utque
657 2002 708 2033 sic
725 2000 898 2039 dixerim,
916 2010 1090 2044 puynare
1115 2002 1152 2032 in
1173 1999 1314 2043 proelio
1339 1999 1502 2033 disceret.
1528 2018 1571 2022 —-
1602 1997 1694 2030 iudi-

218 2046 317 2078 ciis...
341 2050 530 2088 spectator,
555 2045 574 2078 e
599 2049 752 2089 appunto
776 2045 831 2078 cio
855 2045 920 2078 che
937 2044 1055 2079 soleva
1075 2045 1148 2078 fare
1165 2044 1237 2078 Cic.
1255 2044 1298 2078 da
1323 2044 1483 2088 giovane,
1501 2053 1598 2077 come
1615 2053 1693 2076 rac-

219 2094 322 2124 conta
333 2089 404 2134 egli
414 2094 524 2123 stesso
541 2088 596 2123 nel
608 2089 759 2128 Brutus,
769 2089 822 2129 89,
832 2089 895 2123 304
913 2101 1033 2134 sgg.—
1061 2090 1128 2124 20.
1143 2101 1267 2134 quas...
1285 2090 1457 2125 audierit,
1475 2088 1549 2122 cioc
1566 2088 1697 2132 quibus

218 2134 371 2177 ayendis
397 2136 626 2177 interfuerit.
650 2154 692 2158 —
716 2134 809 2174 stilo,
825 2134 1055 2169 scrivendole.
1070 2154 1111 2160 —-
1130 2140 1164 2168 et
1177 2135 1254 2179 ipse
1267 2150 1310 2164 =
1324 2137 1380 2168 καὶ
1395 2135 1522 2173 αὐτός,
1539 2139 1547 2150 ⁴
1562 2132 1698 2166 anch'e-

219 2178 270 2223 gli
281 2179 300 2218 ';
314 2179 376 2213 cfr.
395 2179 428 2217 7,
442 2179 496 2212 26.
517 2200 555 2203 „-
577 2190 690 2219 veras,
704 2190 722 2213 e
738 2190 837 2214 come
845 2179 1064 2224 talipossono
1079 2179 1273 2213 realmente
1283 2189 1396 2213 essere
1410 2178 1499 2211 utili.
1518 2198 1556 2202 —
1574 2179 1701 2210 utrim-

218 2234 301 2268 que,
325 2235 356 2256 v.
384 2223 414 2263 1,
437 2224 482 2256 22
505 2235 523 2257 e
549 2235 580 2257 n.
595 2243 638 2249 —
651 2227 690 2257 in
706 2225 881 2268 :apudz
899 2224 970 2258 cosi
986 2224 1048 2263 XI,
1065 2224 1097 2261 3.
1113 2223 1172 2258 66:
1191 2230 1337 2258 nutus...
1359 2226 1397 2256 in
1415 2225 1525 2257 mutis
1538 2233 1608 2266 pro
1625 2233 1696 2256 ser-

219 2279 325 2302 mone
347 2274 443 2302 sunt.
468 2268 539 2302 Cfr.
565 2268 637 2302 Cic.
661 2270 706 2303 de
730 2269 838 2314 Leqy.
864 2269 905 2309 ΙΙ,
931 2269 982 2304 11.
1007 2269 1068 2303 26:
1091 2269 1231 2309 Thales,
1256 2271 1320 2314 qui
1336 2270 1632 2313 sapientissimus
1658 2269 1695 2300 in

218 2319 352 2358 septem
374 2315 461 2357 fuit.
486 2333 529 2339 —
553 2315 775 2353 decretoriis,
798 2314 991 2349 ‘decisivel
1017 2314 1339 2352 sostantivamente,
1366 2315 1448 2357 pero
1478 2313 1496 2347 e
1513 2313 1556 2346 da
1581 2312 1699 2347 souin-

219 2358 361 2393 tendere
385 2360 517 2392 armis:
544 2359 719 2399 Svetonio,
749 2359 820 2393 Cal.
846 2358 901 2400 54,
925 2359 958 2393 le
983 2359 1058 2394 dice
1075 2360 1188 2393 anche
1199 2361 1448 2403 puynatoria,
1466 2368 1485 2392 e
1504 2358 1620 2392 hanno
1638 2368 1699 2402 per·

218 2403 393 2438 contrarie
419 2403 451 2437 le
470 2403 620 2437 lusoria.
648 2403 719 2438 Cfr.
737 2404 815 2439 Sen.
836 2404 900 2448 Ep.
922 2404 995 2438 117.
1012 2404 1072 2437 ⁴25:
1098 2415 1244 2439 remove
1262 2401 1330 2437 ista
1351 2404 1492 2438 lusoria
1509 2414 1630 2441 arma,
1644 2403 1699 2436 de-

217 2450 384 2483 cretoriis
407 2459 497 2493 opus
522 2455 583 2482 est.
599 2451 686 2494 App.
716 2449 792 2483 crit.
809 2469 852 2475 —
877 2450 1052 2489 diximus,
1074 2449 1101 2488 1,
1119 2449 1182 2483 23:
1200 2461 1232 2482 v.
1251 2454 1330 2483 nota
1350 2448 1408 2482 ivi.
1434 2469 1477 2472 —
1502 2449 1700 2483 rescribere

217 2509 264 2523 ετ
286 2496 491 2528 contrarias
519 2495 696 2528 veteribus
709 2496 889 2529 orationes
912 2495 1083 2528 scribere.
1110 2494 1147 2528 In
1164 2494 1212 2527 tal
1232 2505 1333 2528 senso
1351 2494 1384 2527 la
1403 2493 1523 2539 parola
1548 2492 1567 2527 ὲ
1592 2492 1700 2526 molto

219 2543 320 2574 usata
344 2539 386 2572 da
413 2538 587 2577 Svetonio,
613 2539 636 2572 il
662 2539 764 2584 quale
790 2544 964 2577 racconta.
994 2539 1066 2572 Cal.
1092 2539 1147 2577 53,
1173 2539 1238 2573 che
1277 2538 1391 2572 anche
1427 2542 1560 2572 cotesto
1586 2539 1698 2582 impe-

220 2589 341 2621 ratore
364 2584 394 2618 si
419 2584 641 2630 compiaceva
666 2583 915 2619 dell'esercizio
939 2596 959 2619 a
983 2584 1039 2619 cui
1065 2595 1220 2619 accenna
1247 2583 1476 2626 Quintiliano.
1494 2603 1536 2609 —
1555 2583 1701 2622 Cestius,
