1887 2901
651 135 782 163 cnm·
812 137 840 163 1.
871 125 892 172 ἓ
923 123 1078 162 11-]2
1578 124 1604 162 7

130 221 350 251 sermonem
383 208 550 250 auribus
579 209 757 263 primum
799 210 1059 263 accipiamus.
1090 209 1259 262 Propter
1293 208 1397 262 quod
1428 208 1604 249 infantes

131 285 156 314 a
183 266 311 315 mutis
341 268 713 315 nut1·icibus‘·.iussu
745 286 886 328 regum
917 275 956 314 in
988 273 1208 315 solitudine
1238 273 1412 321 educati,
1440 272 1601 314 etiamsi

129 337 252 380 verba
289 337 487 391 quaedam
524 338 704 380 emisisse
736 337 965 387 traduntur,
1006 340 1139 379 tamen
1177 337 1366 391 loquendi
1407 336 1603 378 facultate

129 403 359 444 caruerunt.
392 401 497 444 Sunt
527 405 662 444 autem
694 403 777 444 alia
820 403 944 444 huius
988 405 1170 451 naturae,
1202 405 1250 444 ut,
1277 402 1384 444 idem
1416 401 1603 455 pluribus

129 466 293 508 vocibus
322 466 539 516 declarent,
570 468 628 508 ita
660 469 704 508 ut
726 467 828 508 nihil
851 466 1173 521 significationis,
1195 466 1429 520 quopotius
1460 465 1601 515 utaris,

129 530 302 580 intersit,
334 533 379 572 ut
423 531 580 572 ‘ensis’
614 533 655 573 et
684 531 926 585 ‘gladius’3
959 531 1041 572 alia
1086 543 1190 580 vero,
1236 530 1395 572 etiamsi
1442 529 1603 583 propria

129 608 263 636 rerum
286 596 516 649 aliquarum
540 597 622 638 sint
644 598 818 646 nomina,
836 599 1047 647 τροπικῶς
1070 596 1183 648 quasi
1201 597 1337 636 tamen
1359 595 1408 636 ad
1429 594 1600 636 eundem

127 659 384 701 intellectum
415 660 612 710 feruntur,
643 662 691 702 nt,
721 666 730 683 ⁴
749 660 924 702 ferrum’
958 664 998 702 et
1028 666 1037 680 ⁸
1057 672 1194 701 mucro
1210 660 1233 701 ⁷.
1267 659 1370 700 Nam
1403 672 1472 713 per
1502 659 1604 699 abu-

127 723 278 765 sionem
310 724 473 766 siearios
503 725 627 766 etiam
672 738 807 767 ornnes
854 737 1054 774 vocamus,
1086 724 1153 777 qui
1196 723 1357 765 caedem
1394 723 1473 765 telo
1505 735 1603 776 quo-

128 800 301 842 cumque
331 791 630 831 commiseruut.
664 790 758 831 Alia
795 790 970 831 circuitu
1007 789 1217 831 verborum
1259 789 1440 843 plurium
1476 791 1603 830 osten-

129 953 159 988 si
185 953 392 988 riferiscono
418 953 487 987 alla
513 955 663 991 auditio,
688 954 723 988 di
747 954 803 988 cui
821 954 839 988 ὲ
857 954 951 988 detto
976 954 1098 999 pr'nia.
1129 954 1218 998 App.
1243 953 1376 986 critica.
1395 959 1604 997 -propter

129 999 227 1044 quod
251 999 377 1042 (anche
401 1007 507 1044 quae)
524 1005 800 1043 :pi-optarem·
825 999 1006 1044 frequente
1032 998 1086 1032 nel
1113 1005 1230 1032 nostro
1255 1004 1399 1035 autore:
1424 1008 1493 1031 non
1523 998 1543 1032 e
1567 997 1602 1030 di

132 1055 194 1078 uso
218 1044 449 1078 ciceroniano.
477 1064 515 1069 —
543 1046 745 1088 infantes..
772 1050 985 1084 caruerunt,
1015 1049 1178 1077 racconta
1216 1043 1366 1077 Erodoto
1390 1042 1445 1085 (11,
1469 1043 1504 1083 2)
1535 1041 1602 1076 che

131 1089 380 1126 Psammetieo,
404 1099 440 1122 re
464 1089 678 1133 dell‘Egitto,
708 1089 905 1123 desideroso
933 1089 966 1122 di
996 1099 1180 1122 conoscere
1198 1089 1301 1132 quale
1330 1089 1421 1121 fosse
1440 1087 1461 1120 il
1477 1087 1602 1132 popolo

130 1133 309 1179 primitivo
332 1134 424 1167 della
451 1139 542 1167 terra
566 1134 640 1177 <tali
667 1139 821 1178 appunto
857 1135 886 1167 si
911 1133 1105 1168 credevano
1141 1133 1190 1178 gli
1229 1133 1354 1177 Egisti),
1378 1133 1549 1166 comando
1572 1133 1602 1165 si

133 1178 344 1213 allevassero
370 1179 467 1222 iungi
495 1179 538 1212 da
564 1179 642 1211 tutti
677 1181 729 1221 (in
755 1179 964 1221 ixoci‘tzcdi22e)
989 1190 1008 1212 e
1044 1189 1104 1223 per
1140 1189 1254 1212 mezzo
1291 1178 1324 1210 ‹li
1349 1188 1453 1222 capre
1476 1178 1603 1217 (mutis

132 1225 352 1265 nutricibus)
378 1224 444 1256 due
469 1224 625 1256 bambini
654 1235 788 1268 appena
816 1224 887 1257 nati
913 1226 1083 1266 (νεογνά).
1112 1223 1160 1256 La
1186 1223 1296 1267 prima
1323 1223 1440 1267 pnrola
1466 1223 1510 1255 da
1534 1223 1603 1256 essi

132 1268 328 1303 articolata.
363 1268 451 1312 dopo
487 1269 552 1301 due
586 1270 681 1305 anni,
719 1269 753 1301 fn
784 1271 894 1309 βεκός,
932 1268 1048 1311 frigia,
1073 1267 1138 1302 che
1176 1268 1336 1311 significa
1374 1277 1479 1311 pane:
1506 1278 1524 1300 e
1549 1267 1603 1300 cio

132 1314 228 1347 valse
253 1324 273 1346 a
297 1314 503 1347 dimostrare
528 1314 593 1346 che
619 1313 627 1346 i
655 1313 749 1357 Frigi
775 1324 880 1347 erano
906 1313 963 1357 piu
982 1313 1115 1346 antichi
1133 1313 1225 1355 degli
1245 1313 1416 1357 Egizinni.
1434 1314 1463 1345 A
1481 1317 1604 1356 questo

132 1359 220 1392 fatto
256 1358 552 1392 verosimilmente
583 1358 700 1391 allude
739 1358 967 1399 Quintiliano.
994 1359 1082 1402 App.
1108 1358 1184 1391 crit.
1213 1377 1249 1381 —-
1344 1358 1391 1391 11.
1417 1358 1505 1400 alia,
1529 1357 1604 1391 οἱοί).

133 1403 253 1442 verba,
280 1401 347 1436 che
371 1403 400 1436 si
436 1403 593 1437 debhono
617 1403 834 1447 distinguere
859 1403 901 1436 da
938 1414 1037 1436 voces
1067 1403 1251 1446 «plumbus
1290 1404 1456 1441 vocibus),
1481 1401 1606 1446 poiche

129 1452 268 1482 mentre
294 1448 405 1481 verba
423 1447 634 1492 rigum-dano
653 1447 677 1480 il
702 1452 860 1482 conc-etto
878 1458 1035 1492 espresso
1052 1447 1144 1480 dalle
1162 1447 1292 1492 parole,
1320 1458 1417 1480 voces
1441 1447 1470 1479 si
1495 1446 1605 1480 riferi-

129 1503 234 1527 scono
258 1492 330 1526 alla
355 1493 478 1532 forma,
503 1493 568 1527 che
593 1492 612 1526 e
638 1493 692 1536 poi
718 1493 742 1526 il
768 1503 887 1531 suono.
905 1493 939 1525 di
964 1497 1095 1537 queste.
1121 1492 1192 1525 Cfr.
1217 1491 1289 1526 Cic.
1322 1491 1418 1525 Orat.
1446 1491 1500 1530 49,
1526 1491 1605 1524 162:

130 1548 259 1572 rerum
289 1538 558 1582 verborumque
579 1539 759 1571 iudicium
782 1538 1004 1581 prudentiae
1028 1543 1090 1580 est,
1127 1548 1255 1571 vocum
1279 1543 1402 1570 autem
1427 1543 1462 1570 et
1484 1547 1608 1570 nume-

129 1593 260 1616 rorum
284 1593 395 1616 aures
419 1588 505 1616 sunt
531 1583 676 1616 iudices.
702 1603 744 1607 -
770 1582 892 1621 huius,
917 1588 969 1626 ut,
993 1581 1204 1616 correlativi.
1229 1601 1273 1608 —
1296 1582 1606 1626 significationis...

130 1628 286 1668 intersit,
311 1627 371 1672 piu
396 1628 580 1671 frequente
604 1627 830 1662 l‘accusativo
855 1639 920 1661 con
944 1627 1004 1667 ad,
1029 1627 1167 1672 qnando
1203 1627 1231 1660 si
1259 1631 1363 1660 tratta
1389 1627 1423 1660 di
1452 1626 1546 1660 nomi
1572 1627 1607 1659 di

131 1683 220 1706 cose.
247 1672 393 1706 Altrove
418 1672 589 1706 troviamo
615 1673 650 1706 in
675 1672 892 1713 Quintiliano
917 1672 951 1706 la
975 1677 1085 1706 stessa
1102 1672 1333 1707 costruzione.
1360 1684 1391 1716 p.
1409 1683 1456 1705 οε.
1475 1671 1550 1709 Vll,
1575 1672 1608 1709 2,

129 1716 191 1750 20:
228 1719 267 1750 in
290 1718 425 1750 iudicio
451 1728 592 1762 qnoque
616 1717 711 1750 nihil
737 1720 885 1751 interest
908 1719 1105 1751 actionum.
1132 1717 1169 1750 ln
1195 1717 1366 1750 enti-anibi
1393 1716 1404 1749 i
1431 1716 1553 1761 luoghi
1580 1716 1607 1749 il

131 1761 288 1806 genitivo
312 1762 459 1806 dipende
483 1762 538 1795 dal
574 1763 691 1801 verbo,
716 1773 785 1795 non
815 1763 858 1795 da
894 1762 1001 1795 nihil.
1040 1783 1079 1789 -—
1117 1773 1200 1806 quo,
1224 1763 1340 1795 verbo.
1377 1780 1421 1787 —-
1456 1763 1564 1801 ensis,
1589 1761 1608 1794 ὲ

134 1807 255 1851 parola
280 1807 427 1851 poetica.
445 1826 486 1832 -
504 1808 580 1840 alia
601 1819 693 1841 vero,
713 1808 799 1852 App.
819 1807 895 1842 crit.
914 1826 954 1832 --
969 1809 1138 1851 propria,
1156 1806 1231 1851 qui:
1251 1811 1260 1825 ‘
1274 1806 1418 1851 speciali
1433 1805 1452 1840 ⁹.
1470 1825 1512 1832 —
1529 1817 1610 1849 τρο-

134 1855 261 1893 πικῶς.
285 1851 360 1886 cioe
386 1862 447 1896 per
470 1851 689 1886 sinecdoche.
709 1851 1006 1890 Cs1·.vlll,6,20:
1031 1864 1118 1885 nam
1138 1863 1262 1896 prosa,
1293 1858 1334 1884 ut
1357 1862 1608 1886 mucronem

129 1907 202 1940 pro
217 1896 345 1940 yladio
362 1903 396 1930 et
421 1903 588 1930 tectum
611 1908 678 1941 pro
696 1898 799 1930 domo
818 1899 975 1940 recipiet,
994 1899 1043 1930 ita
1062 1908 1133 1929 non
1148 1909 1173 1940 p
1186 1908 1270 1941 upp
1280 1899 1334 1929 im
1354 1906 1425 1940 pro
1440 1898 1530 1930 navi
1545 1907 1610 1930 nec

131 1941 327 1976 abietem
348 1952 420 1984 pro
447 1942 606 1975 tabellis:
632 1949 663 1975 ct
688 1953 830 1977 rursus,
856 1948 897 1975 ut
915 1953 985 1985 pro
1006 1942 1134 1986 yladio
1162 1944 1348 1985 ferrum,
1373 1943 1424 1974 ita
1447 1952 1520 1975 non
1540 1952 1610 1985 pro

135 1996 226 2030 equo
250 1986 612 2031 quadrupedem.
638 2006 680 2012 —
705 1989 821 2031 qnasi.
846 1986 982 2021 rifcrito
1000 1987 1245 2020 direttainente
1268 1997 1287 2019 a
1307 1989 1494 2030 seruntur.
1521 1988 1613 2031 App.

134 2031 213 2064 crit.
231 2049 270 2057 —
291 2031 342 2064 ad
372 2032 530 2065 evmlem
556 2032 777 2065 {mellectum
804 2038 990 2074 seruntur,
1014 2042 1098 2065 sono
1124 2037 1221 2065 usare
1251 2031 1294 2064 ad
1330 2030 1519 2075 esprimere
1544 2043 1613 2065 nna

134 2075 332 2110 medes'uma
359 2076 446 2110 idea.
473 2076 593 2120 quindi
613 2077 817 2120 acqui>tario
836 2077 858 2109 il
878 2076 1066 2111 mede-simo
1084 2077 1292 2120 significato,
1311 2076 1384 2109 vioe
1401 2081 1409 2092 ⁸
1423 2075 1613 2110 diventano

132 2120 305 2155 sinonime
325 2121 341 2151 '.
362 2140 403 2146 —
423 2132 559 2154 mucro.
579 2126 845 2166 proprmniente.
860 2121 891 2155 la
906 2127 1012 2166 pnnta
1029 2121 1118 2155 della
1133 2122 1250 2165 spada.
1275 2140 1317 2145 ——
1364 2121 1420 2154 12.
1446 2132 1544 2160 nam,
1569 2121 1616 2154 di-

133 2165 339 2199 chiarativo
364 2177 383 2199 e
407 2166 678 2209 confeinintiv03
703 2177 721 2199 a
738 2178 782 2199 un
801 2166 971 2211 dipresso:
999 2179 1016 2198 α
1043 2166 1159 2200 insatti
1184 2179 1216 2199 ».
1243 2177 1368 2210 —per
1392 2167 1614 2205 abusionem,

131 2210 195 2244 cfr.
229 2209 319 2250 Vlll,
331 2210 364 2249 (ἲ,
381 2210 442 2243 34:
462 2213 691 2254 κατάχρησις,
708 2223 818 2256 quam
836 2218 930 2246 recte
947 2212 1103 2245 dicimus
1120 2223 1140 2244 a
1152 2212 1377 2245 busionem
1394 2213 1440 2253 (v.
1460 2211 1503 2244 τὸ.
1518 2212 1551 2251 2,
1568 2211 1614 2253 5),

132 2266 231 2300 quae
256 2267 328 2289 non
348 2256 563 2289 habentibus
590 2267 720 2290 namen
745 2267 854 2290 suum
879 2257 1136 2294 accommodat,
1161 2257 1258 2301 quod
1283 2257 1320 2288 in
1346 2257 1521 2300 proximo
1545 2263 1611 2293 est:

131 2302 201 2334 sic:
232 2311 393 2345 equum
417 2301 581 2334 divina
608 2300 825 2335 Palladis
849 2307 952 2335 arte
976 2302 1238 2345 Aedificant
1264 2307 1296 2334 et
1313 2301 1414 2344 apud
1443 2301 1614 2345 Trayicos

133 2344 189 2378 Et
212 2346 303 2378 iam
329 2346 397 2379 leo
418 2347 596 2389 pariet‚·
620 2353 657 2378 at
677 2352 786 2390 pater
801 2352 862 2380 est.
881 2365 924 2372 —
940 2348 1103 2386 sicarios,
1128 2346 1169 2379 da
1188 2348 1272 2380 sica.
1292 2345 1413 2379 l'arma
1430 2346 1614 2380 nazionale

132 2389 189 2424 dei
209 2390 324 2429 Traci,
340 2392 431 2423 assai
459 2396 557 2423 usata
583 2391 677 2434 dagli
703 2391 880 2427 assassini,
898 2391 1026 2436 perche
1044 2402 1104 2436 per
1123 2391 1155 2425 la
1181 2402 1241 2423 sna
1261 2391 1373 2424 forma
1414 2390 1613 2429 aristolam,

133 2446 179 2468 un
206 2435 347 2468 colteno
373 2435 463 2468 dalla
494 2441 600 2479 pnnta
627 2435 735 2470 molto
761 2447 901 2479 aguzza.
928 2436 1124 2480 produc-eva
1151 2436 1250 2469 ferite
1276 2440 1388 2470 morta
1406 2435 1426 2469 i.
1455 2454 1498 2461 —
1529 2447 1612 2481 quo-

133 2490 300 2525 cumque,
317 2481 500 2524 aggettivo
526 2480 723 2514 indefinito:
747 2486 755 2499 ⁶
775 2481 1008 2526 qnalsivoglia
1027 2481 1053 2517 ⁴:
1079 2492 1110 2513 v.
1130 2484 1151 2519 ‚S
1184 2480 1242 2513 105
1266 2492 1284 2514 e
1307 2480 1341 2516 7.
1368 2480 1401 2516 2,
1429 2491 1494 2515 ove
1531 2483 1612 2526 pero

129 2524 149 2559 ὲ
166 2535 342 2570 pronome.
361 2545 402 2550 —
427 2527 586 2559 circuitu
613 2526 808 2559 verborum
829 2526 1012 2570 plumam,
1037 2525 1070 2558 la
1098 2525 1270 2570 periti-osi:
1299 2526 1364 2558 cfr.
1383 2524 1476 2565 vm,
1493 2525 1527 2561 ss.
1550 2526 1595 2559 59

123 2570 299 2614 pluribus
315 2577 437 2603 autem
458 2571 576 2604 verbis
593 2582 676 2603 rum
695 2571 744 2609 id,
760 2572 857 2615 quod
874 2582 947 2604 uno
960 2572 1274 2615 nutpauciorzbus
1287 2576 1382 2604 certe
1395 2570 1469 2604 dici
1481 2577 1612 2615 potest,

126 2615 349 2661 carptae-amr,
373 2618 653 2660 περίφρασιν
680 2622 817 2657 vocant,
853 2618 1107 2651 circuitum
1132 2616 1318 2661 quendam
1353 2615 1611 2661 eloquendi,

1631 409 1666 443 11

1629 667 1669 700 12
