1887 2901
245 196 289 229 22

318 107 397 147 112
819 121 953 149 cnm*
984 121 1054 149 v11.
1086 112 1107 158 ἓ
1136 110 1291 149 22-24

313 195 398 237 deri
429 195 577 237 eruditi
610 196 764 244 volunt,
796 196 914 237 stulti
945 195 1117 238 eruditis
1147 196 1349 240 videntur.
1371 197 1414 240 Si
1447 212 1527 253 qua
1556 200 1692 244 tamen
1713 201 1794 245 for-

313 262 414 302 tuna
434 264 518 302 tam
541 261 720 302 subitam
742 260 884 302 fecerit
899 260 1046 314 agendi
1066 262 1361 314 necessitatem,
1383 264 1594 308 mobiliore
1615 268 1790 320 quodam

313 337 413 378 opus
443 326 521 367 erit
550 325 725 379 ingenio,
755 326 796 366 et
839 325 900 366 vis
944 325 1075 366 omnis
1111 325 1356 369 intendenda
1375 329 1504 371 vrebus
1533 331 1576 372 et
1604 331 1648 373 in
1677 345 1790 386 prae·

313 390 443 431 sentia
487 389 778 431 remittendum
823 389 981 442 aliquid
1026 403 1071 431 ex
1117 403 1213 431 cura
1259 392 1483 448 verborum,
1522 395 1555 435 si
1600 399 1790 450 consequi

311 455 533 507 utrumque
550 466 627 495 non
648 453 826 495 dabitur.
845 454 951 495 Tum
973 455 1014 495 et
1029 453 1182 496 tardior
1211 457 1486 508 pronuntiatio
1518 471 1648 502 moras
1667 461 1791 504 habet

311 519 353 559 et
383 531 575 572 suspensa
606 531 652 559 ac
683 518 795 560 velut
817 515 1009 559 dubitans
1039 519 1179 567 oratio,
1210 521 1258 560 ut
1287 521 1423 562 tamen
1453 522 1690 574 deliberare,
1712 539 1788 567 non

242 585 286 620 23
312 583 511 624 haesitare
542 583 766 624 videamur.
799 583 898 633 Hoc,
924 582 1020 624 dum
1054 583 1286 637 egredimur
1316 597 1337 626 e
1367 587 1500 638 portu,
1531 588 1564 628 si
1597 601 1667 630 nos
1692 601 1788 631 non-

239 912 281 944 24

311 647 409 688 dum
441 648 591 700 aptatis
635 647 734 689 satis
779 647 1043 689 armamentis
1073 649 1167 702 aget
1211 650 1382 703 ventus;
1413 649 1555 693 deinde
1585 653 1788 706 paulatim

311 712 435 752 simul
467 714 607 753 euntes
639 712 871 765 aptabimus
901 712 990 753 vela
1012 714 1052 753 et
1073 712 1332 766 disponemus
1352 714 1544 756 rudentes
1564 718 1605 758 et
1623 717 1786 771 impleri

309 777 421 817 sinus
452 777 697 829 optabimus.
729 776 774 817 Id
806 776 954 830 potius,
987 790 1109 830 quam
1157 790 1196 818 se
1232 778 1344 818 inani
1375 779 1587 821 verborum
1617 782 1785 824 torrenti

307 840 401 881 dare
433 841 547 894 quasi
579 842 893 895 tempestatibus
923 853 1002 894 quo
1032 842 1169 883 volent
1199 842 1476 884 auferendum.

364 905 441 946 Sed
472 914 548 947 non
579 906 733 947 minore
779 905 914 947 studio
959 906 1188 948 continetur
1230 907 1328 948 haec
1359 907 1534 950 facultas
1564 921 1686 962 quam
1717 922 1787 964 pa-

306 970 431 1011 ratur.
454 971 532 1012 Ars
563 971 671 1012 enim
702 970 827 1012 semel
857 973 1046 1024 percepta
1075 983 1152 1012 non
1184 971 1375 1022 elabitur,
1398 973 1519 1015 stilus
1549 986 1708 1027 quoque
1729 975 1785 1016 in-

305 1036 558 1077 termissione
590 1036 760 1089 paulum
783 1035 1001 1077 admodum
1023 1036 1071 1078 de
1095 1037 1304 1078 celeritate
1326 1037 1526 1091 deperdit:
1550 1042 1785 1093 promptum

304 1100 378 1142 hoc
407 1102 448 1143 et
477 1101 520 1142 in
550 1100 734 1154 expedito
765 1101 943 1154 positum
989 1101 1275 1143 exercitatione
1306 1102 1391 1143 sola
1422 1103 1664 1145 continetur.
1696 1105 1785 1148 Hac

303 1166 364 1206 uti
396 1165 453 1207 sic
484 1165 686 1220 optimum
718 1166 780 1207 est
811 1166 858 1206 ut
888 1165 1035 1206 cotidie
1067 1166 1252 1207 dicamus
1288 1167 1551 1209 audientibus
1581 1168 1783 1222 pluribus,

301 1230 476 1272 maxime
497 1230 545 1272 de
563 1243 735 1284 quorum
757 1229 885 1272 simus
907 1230 1058 1272 iudicio
1080 1232 1202 1284 atque
1223 1231 1409 1285 opinione
1431 1232 1599 1274 solliciti
1615 1248 1625 1283 ;
1644 1245 1782 1276 rarum

299 1401 456 1430 ramente
492 1397 524 1429 di
560 1401 677 1430 tenere
717 1396 752 1429 in
790 1407 917 1430 nessun
954 1401 1057 1430 conto
1093 1396 1103 1429 i
1142 1397 1299 1441 precetti.
1326 1417 1367 1422 —-
1399 1397 1547 1436 eruditi,
1585 1396 1720 1432 ‘dotti'
1745 1397 1781 1432 in

298 1452 436 1485 genere.
462 1461 505 1467 —
530 1442 594 1476 22.
619 1442 778 1475 subitam
802 1442 937 1485 aqemli
953 1444 1211 1481 necessitatem,
1230 1442 1316 1479 cioe,
1331 1442 1715 1486 ‘...diimpr0vvisare'.
1738 1462 1781 1469 —

297 1487 496 1526 mobiliore,
521 1498 589 1521 non
618 1487 661 1520 ha
687 1486 804 1520 valore
829 1487 862 1519 di
888 1486 1137 1531 comparativo.
1163 1506 1206 1512 —
1238 1487 1473 1526 intendenda,
1500 1487 1569 1526 noi,
1594 1498 1660 1521 con
1686 1488 1776 1521 altra

297 1532 463 1576 imagine,
478 1544 496 1565 <‹
510 1537 738 1566 concentrare
749 1545 778 1564 ».
793 1533 951 1565 —rebus
1022 1532 1226 1565 verborum.
1242 1532 1275 1564 in
1292 1532 1633 1576 contrapposizione;
1648 1544 1680 1565 v.
1698 1532 1728 1572 1,
1742 1534 1778 1565 4:

295 1588 354 1611 res
423 1588 456 1610 n.
481 1596 525 1602 —
542 1578 720 1621 consequi,
739 1577 827 1621 App.
845 1577 921 1609 crit.
941 1596 981 1601 —
998 1578 1218 1611 incendenda
1287 1577 1565 1616 remittendum,
1590 1577 1653 1610 cfr.
1673 1576 1704 1615 3,
1721 1577 1778 1610 24.

297 1643 336 1646 —
355 1633 426 1656 non
443 1623 604 1662 dabitur,
618 1621 689 1656 cosi
702 1626 793 1656 sotto
806 1625 828 1663 ἓ
842 1623 896 1654 29.
909 1641 950 1646 —-
964 1633 1086 1655 moras
1100 1623 1217 1662 habet,
1226 1632 1338 1656 senso:
1356 1622 1510 1656 concede
1525 1621 1674 1666 qualche
1689 1632 1775 1666 poco

295 1667 328 1700 di
347 1667 489 1711 respiro.
521 1687 553 1691 —
576 1678 761 1707 suspensa,
780 1666 1020 1700 ‘considerata
1037 1667 1055 1705 ’ς
1074 1667 1219 1706 intendi,
1237 1667 1302 1701 che
1320 1668 1467 1711 procede
1481 1672 1716 1701 cantamente.
1737 1686 1777 1691 —

293 1718 345 1751 ut,
370 1713 421 1746 ita
446 1717 496 1745 ut.
521 1733 565 1737 ——
635 1713 698 1746 23.
724 1712 799 1752 hoc,
821 1713 904 1755 fieri
927 1718 1051 1755 potest.
1087 1711 1178 1744 Altri
1210 1713 1341 1755 esenipi
1378 1712 1411 1745 di
1439 1711 1546 1745 simili
1572 1711 1683 1745 ellissi
1718 1711 1779 1752 vl,

292 1757 326 1797 4,
353 1756 410 1791 1οε
436 1758 510 1797 hoc,
546 1758 636 1791 dum
672 1758 761 1791 ordo
796 1763 848 1791 esc
883 1763 917 1790 et
947 1757 1094 1800 medor,-
1123 1757 1183 1795 XI,
1221 1758 1251 1789 1.
1275 1757 1336 1789 76:
1363 1758 1427 1790 hoc
1452 1763 1486 1791 ec
1509 1757 1612 1800 apud
1636 1767 1706 1790 eos.
1730 1775 1776 1780 —

293 1803 507 1845 effredimur
531 1814 548 1836 e
568 1808 693 1846 portu,
719 1803 889 1836 metafora
914 1801 979 1835 che
1004 1802 1140 1836 ricorda
1168 1801 1281 1835 l'altra
1306 1801 1360 1835 del
1387 1805 1409 1843 g
1433 1801 1441 1833 1
1472 1812 1591 1846 sopra:
1617 1811 1637 1835 e
1662 1800 1776 1835 anche

292 1848 350 1892 qui
377 1847 432 1882 c'e
458 1859 526 1881 una
552 1849 774 1892 comparatio
798 1847 1083 1891 compendiaria.
1110 1847 1200 1880 Nota
1225 1847 1261 1880 in
1289 1851 1376 1881 tutto
1402 1851 1532 1881 cotesto
1551 1849 1573 1887 ἓ
1589 1846 1634 1880 23
1658 1845 1683 1878 il
1702 1857 1778 1880 suc—

292 1893 424 1926 cedersi
449 1892 539 1927 delle
564 1893 722 1937 imagini.
759 1912 802 1918 —
837 1894 970 1936 aptatis
1037 1893 1245 1936 aptabimus
1263 1917 1293 1934 ··e
1312 1893 1528 1937 optabimus,
1555 1891 1774 1925 l'assonanza

292 1937 396 1979 (delle
421 1938 487 1972 due
513 1938 635 1972 ultime
660 1937 792 1983 parole)
817 1938 909 1971 forse
934 1938 952 1971 e
987 1938 1118 1976 voluta,
1154 1948 1210 1970 ma
1247 1939 1301 1970 eno
1334 1948 1401 1972 non
1439 1936 1558 1981 toglie,
1583 1947 1689 1970 causa
1715 1935 1777 1970 l'a-

286 1984 413 2027 pcatis,
437 1984 503 2017 che
544 1994 642 2028 possa
679 1984 856 2017 sembrare
882 1983 1003 2016 invece
1044 1994 1112 2016 una
1150 1982 1356 2027 negligenza
1388 1982 1562 2016 stilistica.
1595 2000 1638 2007 -
1663 1981 1777 2015 simul

293 2034 426 2067 euntes,
452 2029 668 2063 costruzione
694 2028 763 2062 alla
789 2039 905 2072 greca:
931 2027 954 2060 il
982 2027 1167 2072 participio
1193 2039 1257 2061 eon
1289 2039 1334 2060 un
1373 2027 1538 2061 avverbio
1571 2026 1774 2071 temporale,

292 2084 390 2107 corne
417 2075 557 2112 αὐτίκα,
583 2076 665 2115 ἅμα,
693 2076 824 2115 μεταξύ
906 2073 965 2118 qui
983 2089 1026 2101 =
1044 2076 1114 2114 ἅμα
1140 2074 1392 2116 πορευόμενοι.
1418 2093 1460 2096 —
1492 2073 1530 2105 id
1549 2074 1683 2116 potius,
1716 2072 1774 2106 noi

292 2119 406 2153 anche
431 2118 717 2153 ellitticamente:
745 2131 763 2150 «
779 2119 908 2162 meglio
932 2118 1048 2151 cosi».

339 2165 403 2198 24.
421 2166 638 2203 continetur,
658 2164 713 2197 nel
732 2175 832 2198 senso
847 2163 896 2196 di:
916 2176 933 2196 <‹
952 2174 1157 2197 conservare
1171 2176 1201 2194 ».
1221 2183 1263 2186 —
1281 2174 1354 2201 ars,
1373 2174 1403 2195 v.
1423 2166 1444 2204 g
1464 2162 1485 2194 7
1503 2173 1537 2195 n.
1555 2181 1597 2187 -
1614 2172 1687 2195 non
1703 2161 1773 2195 ela-

293 2211 402 2249 bitur,
427 2209 644 2248 cioe,‹l'ars.
670 2219 816 2253 appresa
842 2208 908 2242 che
933 2208 983 2241 sia
1013 2219 1077 2241 unu
1098 2208 1218 2249 volta),
1236 2218 1305 2241 non
1324 2208 1352 2240 si
1370 2207 1571 2251 disiinpara.
1588 2208 1679 2252 App.
1695 2206 1772 2240 crit.

292 2275 333 2279 -—
351 2255 468 2293 stilus,
487 2254 544 2299 qui
570 2255 588 2288 e
607 2254 864 2299 propi-iamente
883 2264 951 2287 non
971 2253 1003 2287 lo
1028 2253 1180 2287 scrivere
1198 2256 1244 2295 (v,
1271 2254 1300 2289 1,
1318 2253 1338 2285 2
1359 2258 1418 2291 n.),
1437 2263 1493 2285 ina
1519 2260 1527 2270 ⁸
1547 2252 1666 2286 l'abito
1680 2251 1773 2285 (lello

290 2300 442 2333 scrivere
461 2299 479 2332 ¹.
504 2320 538 2323 >——
553 2300 598 2333 de
610 2299 985 2342 celeritatecleperdit,
1013 2298 1042 2330 ln
1070 2303 1178 2331 stessa
1198 2298 1416 2332 costi-uzione
1441 2297 1512 2331 Cic.
1532 2298 1626 2331 Ver-r.
1652 2296 1694 2337 ll,
1716 2294 1771 2333 30.

290 2346 352 2377 73;
379 2351 419 2377 ue
443 2356 488 2378 ne
511 2345 601 2389 quid
626 2345 670 2378 de
695 2344 861 2378 libertate
896 2345 1117 2388 deperderet.
1145 2364 1148 2366 Δ
1172 2364 1185 2367 -
1209 2349 1421 2387 promptum
1460 2343 1524 2376 hoc
1549 2348 1583 2375 et
1606 2344 1645 2375 in
1669 2351 1772 2384 empe-

290 2392 365 2423 dieo
389 2392 560 2433 positum,
586 2389 610 2423 il
637 2389 745 2423 latino
770 2389 945 2434 snpplisoe
970 2389 1039 2422 alla
1065 2389 1253 2422 delicienza
1278 2388 1313 2421 di
1339 2387 1432 2421 nomi
1459 2387 1596 2421 asti-atti
1622 2397 1686 2421 con
1710 2396 1771 2429 ag—

290 2435 415 2480 gettivi
441 2447 459 2468 e
485 2434 661 2479 participii
686 2434 800 2468 neutri
827 2434 915 2468 uniti
941 2445 960 2467 a
981 2445 1024 2467 un
1051 2434 1311 2471 dimostrativm
1329 2434 1392 2467 cfr.
1414 2433 1486 2467 Liv.
1503 2432 1576 2472 Vll,
1593 2432 1625 2472 8,
1647 2430 1685 2464 5:
1705 2432 1771 2463 deu

291 2491 362 2514 uon
385 2481 602 2523 perlitatum
629 2486 795 2513 tenuerat
830 2480 1053 2513 dictatorem.
1080 2480 1145 2520 Qui
1173 2479 1363 2512 tradux-rai:
1402 2484 1409 2496 ⁶
1428 2488 1469 2512 co
1489 2482 1560 2511 osta
1586 2479 1768 2521 prontezzn

290 2537 309 2560 e
333 2525 524 2569 speditezza
552 2525 570 2563 ⁸,
596 2525 689 2559 dotto
715 2524 806 2559 della
832 2524 960 2558 faeolth
997 2525 1030 2557 «li
1059 2524 1324 2568 iinp1·0vvisni·o.
1352 2543 1391 2547 —
1430 2526 1465 2556 in
1503 2521 1681 2566 expedito,
1706 2521 1770 2554 cs?-

291 2570 305 2604 1
347 2572 384 2591 ‘²‘
412 2572 447 2603 ίη
471 2574 671 2614 procinctu.
715 2590 754 2595 ——
777 2572 839 2605 sic.
866 2576 914 2609 ut,
946 2569 1036 2603 nella
1076 2570 1281 2603 li·:i‹11w.i‹ine
1308 2569 1330 2602 li
1357 2568 1438 2613 puoi
1462 2566 1686 2612 sopprimero.
1727 2584 1772 2592 —

315 2596 384 2610 ,,.

289 2628 419 2650 rarum
448 2623 530 2650 ese...
556 2622 655 2648 ut:
684 2627 771 2649 raro
805 2617 845 2659 fit
882 2622 936 2655 ue‚·
965 2615 1026 2649 cfr.
1055 2615 1111 2654 lv,
1142 2616 1167 2654 1,
1206 2615 1266 2646 413:
1293 2616 1329 2647 in
1362 2613 1485 2648 schola
1522 2612 1679 2645 liberum
1704 2616 1772 2652 est,
