1887 2901
311 105 365 143 66
713 118 846 145 capu-r
873 120 899 145 1.
932 108 953 154 ἓ
986 105 1215 152 130—131;
1247 119 1292 157 1¹·
1323 110 1344 155 ξ
1376 108 1393 146 l

314 203 438 244 raque
463 193 585 245 atque
617 204 660 233 eo
690 191 1045 246 perniciosissima,
1077 193 1183 245 quod
1213 194 1424 236 abundant
1453 193 1644 238 dulcibus
1665 195 1791 239 vitiis.

225 258 288 293 13c
317 254 450 297 Velles
480 269 572 297 eum
605 268 676 297 suo
706 256 868 311 ingenio
890 255 1052 307 dixisse,
1073 257 1205 298 alieno
1235 258 1412 308 iudicio3
1433 272 1529 300 nam
1560 261 1594 301 si
1624 260 1792 315 obliqua

311 320 629 374 contempsisset,
651 320 685 362 si
716 334 860 374 parum
883 322 993 362 recta
1012 333 1088 363 non
1109 322 1375 376 concupisset,
1398 324 1431 365 si
1462 337 1540 366 non
1562 325 1697 366 omnia
1717 337 1792 367 sua

311 387 498 435 amasset,
529 385 562 426 si
593 398 728 426 rerum
760 385 933 439 pondera
950 385 1240 428 minutissimis
1259 389 1472 430 sententiis
1492 401 1569 431 non
1590 389 1799 444 fregisset,

310 461 503 491 consensu
535 450 669 503 potius
699 450 950 491 eruditorum
983 462 1106 503 quam
1138 464 1354 504 puerorum
1387 465 1521 496 amore
1556 454 1792 508 comproba·
1846 451 1874 481 ἐ

222 525 282 561 131
310 515 433 555 retur.
466 513 618 555 Verum
650 515 707 555 sic
737 528 895 568 quoque
927 515 1009 555 iam
1039 515 1216 556 robustis
1237 518 1278 558 et
1298 518 1494 560 severiore
1524 531 1669 573 genere
1689 519 1790 560 satis

310 578 483 619 firmatis
513 578 708 632 legendus
739 580 801 620 vel
832 579 934 627 ideo,
967 578 1074 632 quod
1105 592 1286 622 exercere
1331 582 1462 634 potest
1491 583 1700 636 utrimque
1729 583 1791 625 iu-

309 642 476 684 dicium.
510 644 643 684 Multa
688 645 809 693 enim,
847 647 894 685 ut
936 643 1032 694 dixi,
1064 645 1270 698 probanda
1313 646 1354 686 in
1396 659 1454 696 eo,
1486 647 1619 688 multa
1663 647 1788 690 etiam

308 708 547 749 admiranda
577 711 684 759 sunt,
721 709 870 763 eligere
916 709 1032 750 modo
1076 721 1196 751 curae
1240 710 1306 758 sit,
1354 711 1460 764 quod
1501 712 1660 753 utinam
1702 712 1788 766 ipse

308 773 479 814 fecisset.
513 773 647 828 Digna
691 774 798 814 enim
846 774 926 815 fuit
966 774 1041 814 illa
1087 776 1246 826 natura,
1278 788 1381 828 quae
1427 776 1596 818 meliora
1641 777 1787 820 vellet:

308 837 414 891 quod
445 837 576 879 voluit
604 838 749 880 effecit.

939 1005 1076 1048 CAPUT
1109 1005 1162 1046 ΙΙ.

849 1108 909 1152 ΠΕ
942 1107 1240 1152 ΙΜΙΤᾹΤΙΟΝΕ.

261 1212 276 1247 1
360 1210 417 1251 Ex
447 1210 512 1251 his
556 1211 780 1263 ceterisque
825 1210 996 1251 lectione
1042 1209 1177 1263 dignis
1207 1210 1442 1251 auctoribus
1485 1211 1528 1252 et
1572 1210 1784 1253 verborum

304 1276 500 1317 sumenda
531 1278 645 1329 copia
676 1278 735 1316 est
767 1278 807 1317 et
839 1275 1014 1316 varietas
1044 1274 1270 1329 figurarum
1301 1279 1342 1316 et
1372 1276 1636 1329 componendi
1667 1277 1784 1326 ratio,
1881 1290 1887 1335 j

303 1343 393 1382 tum
425 1342 474 1382 ad
505 1341 732 1394 exemplum
767 1341 965 1381 virtutum
1011 1339 1193 1381 omnium
1226 1353 1338 1381 mens
1379 1339 1611 1395 derigenda.
1643 1340 1784 1395 Neque
1880 1338 1887 1381 1

302 1407 411 1447 enim
443 1405 624 1447 dubitari
654 1407 797 1459 potest,
830 1405 927 1458 quin
959 1405 1059 1445 artis
1090 1417 1181 1457 pars
1213 1417 1361 1458 magna
1392 1405 1647 1446 contineatur
1677 1406 1786 1447 imi·
1876 1397 1887 1457 ij

302 1471 517 1513 tatione.
550 1470 655 1511 Nam
687 1472 733 1511 ut
765 1470 944 1511 invenire
977 1469 1155 1522 primum
1199 1470 1282 1510 fuit
1326 1472 1467 1522 estque
1503 1470 1785 1524 praecipuum,
1870 1461 1887 1485 ³

304 1603 369 1636 tori
394 1602 561 1636 anteriori
586 1601 629 1635 ad
656 1604 815 1643 Augusto
841 1601 859 1634 e
885 1606 984 1634 usato
1002 1600 1061 1645 piu
1079 1611 1198 1644 spesso
1217 1601 1305 1634 ideo.
1332 1619 1375 1626 —
1400 1601 1581 1640 dulcibus,
1599 1599 1665 1634 che
1682 1610 1783 1635 come

302 1648 365 1682 tali
393 1647 576 1681 seducono.
603 1666 645 1672 —-
694 1647 779 1680 130.
806 1646 949 1679 velles...
987 1646 1132 1680 iudicio.
1169 1656 1294 1679 senso:
1328 1645 1357 1678 si
1394 1645 1559 1689 potrebbe
1584 1645 1783 1679 desiderare

301 1694 366 1727 che
392 1693 425 1726 la
449 1692 626 1726 riechezza
654 1703 671 1725 c
698 1691 873 1725 feeonditzi
900 1691 1089 1734 d'ingegno
1114 1691 1148 1723 di
1175 1690 1308 1724 Seneca
1327 1690 1418 1724 fosse
1437 1694 1714 1734 accompagnata
1738 1689 1782 1724 da

301 1750 348 1772 un
374 1739 585 1772 sentimento
610 1736 895 1781 cori-ispondente
926 1736 959 1768 di
991 1737 1083 1769 buon
1108 1740 1210 1779 gusto
1236 1747 1255 1769 e
1291 1734 1334 1767 da
1371 1745 1456 1769 sano
1491 1735 1644 1768 criterio.
1669 1754 1713 1761 —
1752 1737 1784 1769 si

302 1784 450 1828 obliqua
477 1809 494 1815 ..
520 1784 753 1826 concupisset.
780 1783 874 1825 App.
897 1782 974 1814 crit.
1013 1801 1052 1805 —
1089 1781 1248 1825 obliqua,
1281 1779 1426 1824 designa
1454 1780 1486 1813 lo
1510 1780 1590 1814 stile
1623 1790 1692 1814 non
1725 1790 1782 1813 na·

301 1829 426 1867 turale,
452 1828 620 1866 affettam,
647 1827 705 1860 noi
729 1827 900 1860 diremmo
925 1825 968 1859 da
994 1826 1194 1866 secentista,
1219 1826 1253 1858 di
1285 1826 1428 1859 Seneca.
1455 1845 1495 1849 -
1521 1837 1589 1859 sua
1613 1831 1782 1864 amasset,

301 1875 365 1908 cfr.
400 1877 421 1915 ἓ
454 1873 515 1906 88:
549 1872 700 1906 Ouidius
719 1873 904 1905 ...nimius
937 1878 1082 1904 amator
1117 1872 1258 1914 inyem’i
1281 1873 1349 1903 sui.
1386 1891 1429 1894 —
1467 1881 1594 1904 rerum
1617 1869 1780 1913 pondera

302 1923 347 1962 (v.
374 1922 396 1961 ξ
420 1918 463 1952 97
490 1930 548 1960 nn,
573 1918 632 1962 qui
658 1917 676 1951 e
701 1916 746 1950 ‘il
782 1927 869 1961 sugo
894 1916 947 1949 dei
981 1916 1130 1960 pensieri
1147 1915 1165 1947 ”.
1195 1935 1238 1942 -
1270 1924 1405 1953 amore,
1430 1915 1576 1959 designa
1601 1914 1782 1949 un'ammi-

300 1965 440 1998 razione
468 1963 736 1997 inconsiderata.
767 1981 809 1987 —
901 1962 976 1995 131.
1005 1962 1170 1995 robustis.
1195 1960 1327 1994 ‘adulti
1344 1960 1363 1999 ',
1390 1960 1423 1993 in
1457 1960 1780 2005 contrapposizione

300 2021 319 2043 a
340 2020 559 2054 puerorum,
584 2019 682 2042 come
706 2008 739 2044 5,
769 2008 794 2039 l.
809 2026 850 2032 —
868 2009 1058 2046 severiore,
1077 2017 1096 2040 e
1114 2006 1233 2051 quindi
1260 2006 1318 2050 pisi
1337 2009 1556 2039 corretto.—
1581 2007 1780 2051 utrimque,

300 2055 375 2089 cioe
401 2054 565 2099 riguardo
591 2057 688 2086 tanto
713 2053 745 2085 ai
772 2052 881 2096 pregi.
917 2056 1048 2096 quanto
1080 2051 1113 2084 ai
1147 2051 1273 2084 difetti.
1302 2052 1390 2095 App.
1416 2050 1493 2083 crit.
1520 2069 1561 2074 —
1586 2051 1779 2091 iudicium,

300 2111 331 2134 v.
358 2103 380 2141 ἓ
405 2099 426 2133 8
450 2110 482 2133 n.
501 2118 544 2124 —
569 2100 686 2131 multa
712 2100 820 2135 enim,
837 2108 855 2131 e
876 2107 960 2141 poco
978 2101 1068 2130 sotto
1087 2097 1198 2140 digana
1217 2099 1327 2135 enim,
1344 2107 1364 2130 o
1381 2096 1490 2129 svista
1513 2106 1534 2129 o
1559 2095 1778 2140 negligenza.

299 2165 342 2171 —
367 2150 518 2184 natura,
544 2144 606 2177 cfr.
633 2146 655 2185 ἓ
681 2142 723 2174 96
749 2154 766 2175 e
792 2154 824 2175 n.

345 2203 372 2235 1.
401 2200 459 2234 Ex
493 2200 596 2239 his...,
633 2210 699 2232 non
728 2199 872 2242 bisogna
898 2197 1128 2231 dimonticare
1155 2197 1220 2230 che
1254 2196 1286 2230 la
1319 2196 1526 2241 precedente
1552 2207 1718 2241 rassegna
1743 2196 1778 2230 di

300 2246 450 2280 scrittori
477 2246 572 2290 greci
597 2255 616 2279 e
631 2244 775 2278 'romani
802 2244 819 2277 e
837 2246 928 2276 stata
943 2243 1029 2276 satta
1047 2253 1113 2276 con
1131 2242 1305 2276 esclusivo
1323 2241 1488 2285 riguardo
1504 2241 1538 2275 al
1557 2242 1696 2286 profitto
1711 2241 1778 2276 che

300 2291 393 2324 dalla
419 2291 492 2325 loro
518 2290 645 2324 lettura
671 2291 738 2334 puo
766 2294 885 2326 trarre,
912 2299 967 2321 ma
993 2287 1286 2322 esclusivamente
1312 2298 1372 2332 per
1398 2286 1559 2320 foi-marsi
1585 2297 1653 2321 uno
1685 2286 1777 2327 stile,

301 2336 461 2370 l'oratore
485 2347 505 2370 0
542 2335 671 2379 meglio
696 2334 752 2368 clii
790 2334 816 2366 si
853 2344 998 2377 prepara
1024 2344 1042 2366 a
1079 2332 1216 2366 divenir
1241 2332 1321 2366 tale.
1350 2352 1388 2356 —
1414 2332 1662 2376 componendi,
1690 2343 1719 2365 v.
1749 2331 1777 2368 1.

301 2382 342 2416 44
374 2393 405 2415 n.
431 2394 449 2415 a
487 2381 720 2424 compositi...
759 2399 789 2402 —
829 2379 877 2411 ad
909 2378 1133 2422 exemplum,
1166 2377 1344 2421 significa:
1374 2375 1647 2421 ‘all'esempi01
1679 2387 1777 2412 come

301 2427 341 2467 ll,
366 2427 397 2466 3,
428 2427 483 2459 12:
519 2427 567 2459 ad
592 2425 786 2459 Phoenicis
823 2424 996 2457 homerici
1033 2423 1243 2466 exemplum.
1273 2423 1392 2456 dicere
1416 2433 1459 2456 ac
1486 2423 1629 2466 facere:
1653 2421 1777 2457 invece

300 2474 337 2505 in
362 2472 573 2515 exemplum
598 2471 820 2514 (adsumere)
844 2469 878 2502 e:
905 2468 1118 2513 ⁸(prendcrc)
1138 2479 1197 2513 per
1216 2467 1394 2505 modello}
1417 2467 1480 2501 cfr.
1495 2470 1518 2509 ἓ
1541 2467 1578 2499 2:
1605 2468 1644 2500 in
1659 2477 1779 2501 exem-

295 2518 403 2561 plum
430 2519 622 2549 intuentur
646 2527 665 2549 e
690 2518 711 2556 ᾖ
742 2514 794 2547 11:
822 2515 856 2546 in
885 2513 1095 2558 exemplum
1120 2514 1362 2547 adsumimus.
1382 2532 1424 2536 --
1451 2523 1550 2546 mens
1563 2513 1778 2556 dcriyenda,

300 2574 330 2595 v.
357 2563 389 2602 3,
413 2563 456 2594 28
481 2573 498 2595 e
528 2561 583 2600 Vl,
607 2561 638 2599 5,
664 2561 700 2593 2:
730 2560 904 2592 iudicium
933 2559 1137 2601 deriyatur.
1166 2578 1204 2583 -—
1236 2559 1434 2592 dubitari...
1458 2559 1560 2602 quin,
1585 2558 1647 2591 cfr.
1680 2556 1709 2597 1,
1732 2557 1778 2592 73

302 2619 334 2641 n.
350 2627 392 2634 —
417 2610 513 2641 artis.
547 2618 613 2640 non
638 2606 657 2640 ὸ
684 2618 702 2638 «
727 2609 800 2638 aito
828 2617 856 2637 ».
880 2625 916 2628 ⁷—
943 2606 1120 2643 invenire,
1145 2603 1468 2644 sostantivanwnte,
1484 2618 1530 2632 =
1546 2604 1717 2637 inventio.
1733 2621 1778 2630 —-
